day,timestamp,product,bid_price_1,bid_volume_1,bid_price_2,bid_volume_2,bid_price_3,bid_volume_3,ask_price_1,ask_volume_1,ask_price_2,ask_volume_2,ask_price_3,ask_volume_3,mid_price,profit_and_loss
-2,0,STARFRUIT,5002,1,4997.0,31.0,,,5003,31,,,,,5002.5,0.0
-2,100,STARFRUIT,4997,24,,,,,5003,2,5004.0,22.0,,,5000.0,0.0
-2,200,STARFRUIT,4997,2,4996.0,20.0,,,5003,20,,,,,5000.0,0.0
-2,300,STARFRUIT,4996,31,,,,,5003,31,,,,,4999.5,0.0
-2,400,STARFRUIT,4995,27,,,,,5002,27,,,,,4998.5,0.0
-2,500,STARFRUIT,4996,30,,,,,5003,30,,,,,4999.5,0.0
-2,600,STARFRUIT,4999,5,4997.0,6.0,4996.0,25.0,5003,25,,,,,5001.0,0.0
-2,700,STARFRUIT,4997,2,4996.0,23.0,,,5003,23,,,,,5000.0,0.0
-2,800,STARFRUIT,4997,30,,,,,5003,1,5004.0,29.0,,,5000.0,0.0
-2,900,STARFRUIT,4997,23,,,,,5003,1,5004.0,22.0,,,5000.0,0.0
-2,1000,STARFRUIT,4996,26,,,,,5001,6,5003.0,26.0,,,4998.5,0.0
-2,1100,STARFRUIT,4998,6,4997.0,26.0,,,5004,26,,,,,5001.0,0.0
-2,1200,STARFRUIT,4997,21,,,,,5002,8,5004.0,21.0,,,4999.5,0.0
-2,1300,STARFRUIT,4997,31,,,,,5003,1,5004.0,30.0,,,5000.0,0.0
-2,1400,STARFRUIT,4997,3,4996.0,25.0,,,5003,26,,,,,5000.0,0.0
-2,1500,STARFRUIT,4996,27,,,,,5003,27,,,,,4999.5,0.0
-2,1600,STARFRUIT,4996,29,,,,,5001,4,5003.0,29.0,,,4998.5,0.0
-2,1700,STARFRUIT,4997,22,,,,,5002,8,5003.0,2.0,5004.0,20.0,4999.5,0.0
-2,1800,STARFRUIT,4997,1,4996.0,22.0,,,5003,23,,,,,5000.0,0.0
-2,1900,STARFRUIT,4997,1,4996.0,28.0,,,5001,5,5003.0,29.0,,,4999.0,0.0
-2,2000,STARFRUIT,4996,26,,,,,5003,26,,,,,4999.5,0.0
-2,2100,STARFRUIT,4997,2,4996.0,25.0,,,5003,27,,,,,5000.0,0.0
-2,2200,STARFRUIT,4997,1,4996.0,24.0,,,5001,7,5003.0,25.0,,,4999.0,0.0
-2,2300,STARFRUIT,4997,32,,,,,5003,2,5004.0,30.0,,,5000.0,0.0
-2,2400,STARFRUIT,4997,28,,,,,5004,29,,,,,5000.5,0.0
-2,2500,STARFRUIT,4997,3,4996.0,22.0,,,5003,23,,,,,5000.0,0.0
-2,2600,STARFRUIT,4998,3,4997.0,23.0,,,5004,23,,,,,5001.0,0.0
-2,2700,STARFRUIT,4998,26,,,,,5005,26,,,,,5001.5,0.0
-2,2800,STARFRUIT,4997,25,,,,,5004,25,,,,,5000.5,0.0
-2,2900,STARFRUIT,4996,26,,,,,5003,26,,,,,4999.5,0.0
-2,3000,STARFRUIT,4997,3,4996.0,26.0,,,5003,26,,,,,5000.0,0.0
-2,3100,STARFRUIT,4996,26,,,,,5001,5,5003.0,26.0,,,4998.5,0.0
-2,3200,STARFRUIT,4996,23,,,,,5001,3,5003.0,23.0,,,4998.5,0.0
-2,3300,STARFRUIT,4997,2,4996.0,30.0,,,5001,2,5003.0,32.0,,,4999.0,0.0
-2,3400,STARFRUIT,4997,26,,,,,5003,2,5004.0,24.0,,,5000.0,0.0
-2,3500,STARFRUIT,4997,26,,,,,5004,26,,,,,5000.5,0.0
-2,3600,STARFRUIT,4997,21,,,,,5004,21,,,,,5000.5,0.0
-2,3700,STARFRUIT,4998,3,4997.0,24.0,,,5004,24,,,,,5001.0,0.0
-2,3800,STARFRUIT,4997,25,,,,,5004,25,,,,,5000.5,0.0
-2,3900,STARFRUIT,4998,2,4997.0,26.0,,,5003,1,5004.0,25.0,,,5000.5,0.0
-2,4000,STARFRUIT,4997,32,,,,,5003,2,5004.0,30.0,,,5000.0,0.0
-2,4100,STARFRUIT,4997,29,,,,,5003,2,5004.0,27.0,,,5000.0,0.0
-2,4200,STARFRUIT,4998,2,4997.0,24.0,,,5004,26,,,,,5001.0,0.0
-2,4300,STARFRUIT,4998,7,4997.0,22.0,,,5000,5,5004.0,22.0,,,4999.0,0.0
-2,4400,STARFRUIT,4997,30,,,,,5004,30,,,,,5000.5,0.0
-2,4500,STARFRUIT,4996,28,,,,,5003,29,,,,,4999.5,0.0
-2,4600,STARFRUIT,4997,30,,,,,5004,30,,,,,5000.5,0.0
-2,4700,STARFRUIT,4997,32,,,,,4998,7,5002.0,3.0,5003.0,2.0,4997.5,0.0
-2,4800,STARFRUIT,4997,24,,,,,5004,24,,,,,5000.5,18.8671875
-2,4900,STARFRUIT,4996,22,,,,,5003,22,,,,,4999.5,13.640625
-2,5000,STARFRUIT,4997,30,,,,,5004,30,,,,,5000.5,16.78125
-2,5100,STARFRUIT,4998,7,4997.0,30.0,,,5004,31,,,,,5001.0,19.6640625
-2,5200,STARFRUIT,4998,8,4997.0,27.0,,,5003,1,5004.0,26.0,,,5000.5,15.69921875
-2,5300,STARFRUIT,5002,1,4997.0,21.0,,,5004,21,,,,,5003.0,16.12109375
-2,5400,STARFRUIT,4997,21,,,,,5002,6,5004.0,21.0,,,4999.5,19.5078125
-2,5500,STARFRUIT,4997,27,,,,,5004,27,,,,,5000.5,19.75
-2,5600,STARFRUIT,5002,2,4998.0,28.0,,,5005,28,,,,,5003.5,22.53125
-2,5700,STARFRUIT,4999,26,,,,,5006,27,,,,,5002.5,29.15234375
-2,5800,STARFRUIT,4999,31,,,,,5006,31,,,,,5002.5,29.91015625
-2,5900,STARFRUIT,5000,5,4999.0,30.0,,,5005,2,5006.0,28.0,,,5002.5,29.12109375
-2,6000,STARFRUIT,4998,30,,,,,5005,30,,,,,5001.5,26.96484375
-2,6100,STARFRUIT,4999,24,,,,,5005,1,5006.0,24.0,,,5002.0,28.765625
-2,6200,STARFRUIT,4999,22,,,,,5005,1,5006.0,21.0,,,5002.0,28.2109375
-2,6300,STARFRUIT,4999,7,4998.0,23.0,,,5005,25,,,,,5002.0,27.7109375
-2,6400,STARFRUIT,4999,1,4998.0,24.0,,,5005,25,,,,,5002.0,27.41015625
-2,6500,STARFRUIT,4999,27,,,,,5005,1,5006.0,26.0,,,5002.0,29.21875
-2,6600,STARFRUIT,4998,26,,,,,5005,26,,,,,5001.5,26.234375
-2,6700,STARFRUIT,4999,7,4998.0,20.0,,,5005,20,,,,,5002.0,21.96484375
-2,6800,STARFRUIT,4997,32,,,,,5002,8,5003.0,2.0,5004.0,30.0,4999.5,15.16796875
-2,6900,STARFRUIT,4997,27,,,,,5002,1,5004.0,27.0,,,4999.5,18.50390625
-2,7000,STARFRUIT,5002,4,4997.0,27.0,,,5004,27,,,,,5003.0,18.70703125
-2,7100,STARFRUIT,4998,30,,,,,5005,30,,,,,5001.5,22.9140625
-2,7200,STARFRUIT,4998,28,,,,,5005,28,,,,,5001.5,22.8828125
-2,7300,STARFRUIT,4998,6,4997.0,29.0,,,5004,31,,,,,5001.0,20.8046875
-2,7400,STARFRUIT,4998,22,,,,,5004,1,5005.0,22.0,,,5001.0,22.1328125
-2,7500,STARFRUIT,4998,25,,,,,5005,25,,,,,5001.5,21.9140625
-2,7600,STARFRUIT,4997,22,,,,,5004,22,,,,,5000.5,18.41015625
-2,7700,STARFRUIT,4997,21,,,,,5004,22,,,,,5000.5,15.9375
-2,7800,STARFRUIT,4998,1,4997.0,22.0,,,5004,23,,,,,5001.0,20.859375
-2,7900,STARFRUIT,4999,4,4998.0,27.0,,,5004,1,5005.0,26.0,,,5001.5,21.83984375
-2,8000,STARFRUIT,4998,27,,,,,5003,8,5005.0,27.0,,,5000.5,22.99609375
-2,8100,STARFRUIT,4998,23,,,,,5004,1,5005.0,22.0,,,5001.0,22.21875
-2,8200,STARFRUIT,4997,23,,,,,5002,1,5004.0,23.0,,,4999.5,20.29296875
-2,8300,STARFRUIT,4998,30,,,,,5005,30,,,,,5001.5,22.7734375
-2,8400,STARFRUIT,4998,28,,,,,5005,28,,,,,5001.5,22.4765625
-2,8500,STARFRUIT,4998,2,4997.0,29.0,,,5004,31,,,,,5001.0,20.3515625
-2,8600,STARFRUIT,4997,22,,,,,5004,23,,,,,5000.5,19.97265625
-2,8700,STARFRUIT,4997,27,,,,,5002,4,5004.0,27.0,,,4999.5,17.44140625
-2,8800,STARFRUIT,4998,7,4997.0,25.0,,,5004,25,,,,,5001.0,17.96484375
-2,8900,STARFRUIT,4999,1,4998.0,26.0,,,5005,26,,,,,5002.0,21.109375
-2,9000,STARFRUIT,4997,31,,,,,5004,31,,,,,5000.5,18.7734375
-2,9100,STARFRUIT,4998,29,,,,,5005,29,,,,,5001.5,22.75
-2,9200,STARFRUIT,4997,27,,,,,5002,7,5004.0,27.0,,,4999.5,20.8828125
-2,9300,STARFRUIT,4998,21,,,,,5004,1,5005.0,20.0,,,5001.0,21.3046875
-2,9400,STARFRUIT,4997,23,,,,,5004,23,,,,,5000.5,18.96484375
-2,9500,STARFRUIT,4998,4,4997.0,31.0,,,5004,31,,,,,5001.0,18.33984375
-2,9600,STARFRUIT,4997,31,,,,,5004,31,,,,,5000.5,18.46875
-2,9700,STARFRUIT,4997,22,,,,,5004,22,,,,,5000.5,17.25
-2,9800,STARFRUIT,4997,26,,,,,5004,26,,,,,5000.5,15.28515625
-2,9900,STARFRUIT,5001,4,4996.0,25.0,,,5003,25,,,,,5002.0,13.38671875
-2,10000,STARFRUIT,4997,8,4996.0,28.0,,,5003,28,,,,,5000.0,11.08984375
-2,10100,STARFRUIT,4996,1,4995.0,24.0,,,5002,25,,,,,4999.0,6.7109375
-2,10200,STARFRUIT,4996,2,4995.0,26.0,,,5002,28,,,,,4999.0,5.97265625
-2,10300,STARFRUIT,5001,1,4997.0,8.0,4996.0,27.0,5003,27,,,,,5002.0,7.08203125
-2,10400,STARFRUIT,4997,1,4996.0,29.0,,,5003,29,,,,,5000.0,9.609375
-2,10500,STARFRUIT,4996,31,,,,,5003,31,,,,,4999.5,11.41015625
-2,10600,STARFRUIT,4997,31,,,,,5000,4,5002.0,4.0,5004.0,31.0,4998.5,18.25390625
-2,10700,STARFRUIT,4998,1,4997.0,28.0,,,5004,28,,,,,5001.0,19.140625
-2,10800,STARFRUIT,4998,3,4997.0,24.0,,,5004,24,,,,,5001.0,17.86328125
-2,10900,STARFRUIT,4999,7,4998.0,28.0,,,5005,28,,,,,5002.0,23.078125
-2,11000,STARFRUIT,5002,7,4997.0,24.0,,,5004,24,,,,,5003.0,20.1484375
-2,11100,STARFRUIT,4998,21,,,,,5005,21,,,,,5001.5,22.84375
-2,11200,STARFRUIT,4998,2,4997.0,21.0,,,5004,23,,,,,5001.0,20.17578125
-2,11300,STARFRUIT,4999,3,4998.0,22.0,,,5004,1,5005.0,21.0,,,5001.5,21.15625
-2,11400,STARFRUIT,4997,26,,,,,5003,1,5004.0,25.0,,,5000.0,15.66015625
-2,11500,STARFRUIT,4997,26,,,,,5002,8,5004.0,26.0,,,4999.5,18.1640625
-2,11600,STARFRUIT,4997,29,,,,,5004,29,,,,,5000.5,17.71875
-2,11700,STARFRUIT,4997,23,,,,,4998,2,5003.0,2.0,5004.0,21.0,4997.5,15.01171875
-2,11800,STARFRUIT,4997,29,,,,,5000,4,5004.0,29.0,,,4998.5,25.3125
-2,11900,STARFRUIT,4998,32,,,,,5003,3,5004.0,2.0,5005.0,30.0,5000.5,28.05078125
-2,12000,STARFRUIT,4998,20,,,,,5005,20,,,,,5001.5,28.20703125
-2,12100,STARFRUIT,4998,2,4997.0,25.0,,,5002,1,5004.0,27.0,,,5000.0,25.52734375
-2,12200,STARFRUIT,4998,6,4997.0,28.0,,,5004,30,,,,,5001.0,25.3671875
-2,12300,STARFRUIT,4998,1,4997.0,28.0,,,5004,29,,,,,5001.0,24.7734375
-2,12400,STARFRUIT,4999,4,4998.0,26.0,,,5005,26,,,,,5002.0,27.359375
-2,12500,STARFRUIT,4998,19,,,,,5005,20,,,,,5001.5,30.21875
-2,12600,STARFRUIT,4998,22,,,,,5005,22,,,,,5001.5,27.81640625
-2,12700,STARFRUIT,4998,2,4997.0,20.0,,,5004,22,,,,,5001.0,25.83984375
-2,12800,STARFRUIT,4997,22,,,,,5004,22,,,,,5000.5,23.921875
-2,12900,STARFRUIT,4998,7,4997.0,29.0,,,5003,1,5004.0,28.0,,,5000.5,19.078125
-2,13000,STARFRUIT,5002,1,4997.0,6.0,4996.0,20.0,5003,20,,,,,5002.5,16.94921875
-2,13100,STARFRUIT,4997,8,4996.0,25.0,,,5003,26,,,,,5000.0,16.609375
-2,13200,STARFRUIT,4997,22,,,,,5002,5,5004.0,22.0,,,4999.5,19.08203125
-2,13300,STARFRUIT,4998,6,4997.0,24.0,,,5004,24,,,,,5001.0,23.80859375
-2,13400,STARFRUIT,4997,32,,,,,5004,32,,,,,5000.5,20.8984375
-2,13500,STARFRUIT,4997,30,,,,,5002,8,5004.0,30.0,,,4999.5,22.8671875
-2,13600,STARFRUIT,4997,24,,,,,5002,3,5004.0,25.0,,,4999.5,21.26953125
-2,13700,STARFRUIT,4999,4,4998.0,21.0,,,5004,1,5005.0,20.0,,,5001.5,28.703125
-2,13800,STARFRUIT,4999,1,4998.0,22.0,,,5004,2,5005.0,20.0,,,5001.5,28.51953125
-2,13900,STARFRUIT,4998,22,,,,,5001,6,5003.0,4.0,5005.0,22.0,4999.5,30.31640625
-2,14000,STARFRUIT,4998,5,4997.0,27.0,,,5004,29,,,,,5001.0,26.953125
-2,14100,STARFRUIT,4997,25,,,,,5002,1,5004.0,25.0,,,4999.5,24.0390625
-2,14200,STARFRUIT,4997,21,,,,,4998,1,5004.0,21.0,,,4997.5,24.75390625
-2,14300,STARFRUIT,4997,29,,,,,5004,29,,,,,5000.5,25.96875
-2,14400,STARFRUIT,4997,30,,,,,5004,30,,,,,5000.5,27.36328125
-2,14500,STARFRUIT,4997,24,,,,,5004,24,,,,,5000.5,21.1328125
-2,14600,STARFRUIT,4997,28,,,,,5000,2,5004.0,28.0,,,4998.5,23.765625
-2,14700,STARFRUIT,4997,30,,,,,5004,30,,,,,5000.5,20.171875
-2,14800,STARFRUIT,4997,28,,,,,5004,28,,,,,5000.5,27.02734375
-2,14900,STARFRUIT,5000,4,4997.0,26.0,,,5004,26,,,,,5002.0,25.8671875
-2,15000,STARFRUIT,5003,8,4998.0,25.0,,,5005,25,,,,,5004.0,30.234375
-2,15100,STARFRUIT,4998,5,4997.0,22.0,,,5004,22,,,,,5001.0,24.66796875
-2,15200,STARFRUIT,4997,27,,,,,4998,1,5004.0,27.0,,,4997.5,26.3671875
-2,15300,STARFRUIT,4997,26,,,,,5002,4,5004.0,26.0,,,4999.5,25.10546875
-2,15400,STARFRUIT,4998,5,4997.0,30.0,,,5003,2,5004.0,28.0,,,5000.5,22.9609375
-2,15500,STARFRUIT,4997,31,,,,,5002,8,5003.0,2.0,5004.0,29.0,4999.5,23.05859375
-2,15600,STARFRUIT,4997,7,4996.0,24.0,,,5003,26,,,,,5000.0,21.66015625
-2,15700,STARFRUIT,4997,25,,,,,5003,1,5004.0,24.0,,,5000.0,22.8125
-2,15800,STARFRUIT,5002,1,4997.0,22.0,,,5004,22,,,,,5003.0,26.078125
-2,15900,STARFRUIT,4997,31,,,,,5000,6,5002.0,2.0,5004.0,31.0,4998.5,28.9296875
-2,16000,STARFRUIT,4997,29,,,,,5002,2,5004.0,29.0,,,4999.5,28.53515625
-2,16100,STARFRUIT,4997,21,,,,,5000,2,5004.0,21.0,,,4998.5,22.5546875
-2,16200,STARFRUIT,4996,24,,,,,4998,1,5003.0,24.0,,,4997.0,19.01953125
-2,16300,STARFRUIT,4997,2,4996.0,23.0,,,5003,23,,,,,5000.0,19.8046875
-2,16400,STARFRUIT,4996,2,4995.0,30.0,,,5002,32,,,,,4999.0,9.6484375
-2,16500,STARFRUIT,4996,23,,,,,5002,2,5003.0,21.0,,,4999.0,13.234375
-2,16600,STARFRUIT,4996,29,,,,,5002,2,5003.0,28.0,,,4999.0,12.08203125
-2,16700,STARFRUIT,5001,1,4995.0,26.0,,,5002,26,,,,,5001.5,10.8671875
-2,16800,STARFRUIT,4996,26,,,,,5003,26,,,,,4999.5,15.390625
-2,16900,STARFRUIT,4996,26,,,,,5003,26,,,,,4999.5,18.57421875
-2,17000,STARFRUIT,4996,29,,,,,5003,29,,,,,4999.5,19.625
-2,17100,STARFRUIT,4996,23,,,,,5002,2,5003.0,21.0,,,4999.0,14.828125
-2,17200,STARFRUIT,4996,24,,,,,5003,24,,,,,4999.5,16.30078125
-2,17300,STARFRUIT,4996,25,,,,,5001,6,5003.0,25.0,,,4998.5,17.9453125
-2,17400,STARFRUIT,4999,6,4996.0,28.0,,,5003,28,,,,,5001.0,13.7109375
-2,17500,STARFRUIT,4996,26,,,,,5003,26,,,,,4999.5,18.6875
-2,17600,STARFRUIT,4996,30,,,,,5003,30,,,,,4999.5,21.10546875
-2,17700,STARFRUIT,5001,1,4996.0,2.0,4995.0,27.0,5002,29,,,,,5001.5,11.6796875
-2,17800,STARFRUIT,4996,26,,,,,5002,2,5003.0,24.0,,,4999.0,12.25
-2,17900,STARFRUIT,4995,23,,,,,5002,23,,,,,4998.5,6.19921875
-2,18000,STARFRUIT,4996,2,4995.0,25.0,,,5002,27,,,,,4999.0,11.6171875
-2,18100,STARFRUIT,4996,20,,,,,5003,20,,,,,4999.5,15.46875
-2,18200,STARFRUIT,4995,25,,,,,4997,4,5002.0,26.0,,,4996.0,10.18359375
-2,18300,STARFRUIT,4995,25,,,,,5002,25,,,,,4998.5,11.921875
-2,18400,STARFRUIT,4995,25,,,,,5000,5,5002.0,25.0,,,4997.5,12.5625
-2,18500,STARFRUIT,4995,29,,,,,4998,1,5002.0,29.0,,,4996.5,11.0234375
-2,18600,STARFRUIT,4996,20,,,,,5001,5,5003.0,20.0,,,4998.5,21.78125
-2,18700,STARFRUIT,4996,22,,,,,5003,22,,,,,4999.5,26.7890625
-2,18800,STARFRUIT,4996,28,,,,,5002,2,5003.0,26.0,,,4999.0,24.859375
-2,18900,STARFRUIT,4996,22,,,,,5003,22,,,,,4999.5,28.75
-2,19000,STARFRUIT,4995,28,,,,,4996,10,5002.0,28.0,,,4995.5,14.984375
-2,19100,STARFRUIT,4996,2,4995.0,26.0,,,5002,28,,,,,4999.0,17.0625
-2,19200,STARFRUIT,4996,21,,,,,5002,1,5003.0,20.0,,,4999.0,22.9140625
-2,19300,STARFRUIT,4996,23,,,,,5002,2,5003.0,21.0,,,4999.0,21.6875
-2,19400,STARFRUIT,4995,26,,,,,5002,26,,,,,4998.5,16.8671875
-2,19500,STARFRUIT,4995,23,,,,,5002,23,,,,,4998.5,20.6875
-2,19600,STARFRUIT,4997,2,4996.0,27.0,,,5003,29,,,,,5000.0,33.9375
-2,19700,STARFRUIT,4997,1,4996.0,30.0,,,5001,7,5003.0,32.0,,,4999.0,35.3125
-2,19800,STARFRUIT,4996,31,,,,,5003,31,,,,,4999.5,27.703125
-2,19900,STARFRUIT,4997,2,4996.0,30.0,,,5003,32,,,,,5000.0,37.484375
-2,20000,STARFRUIT,4997,2,4996.0,27.0,,,5003,27,,,,,5000.0,24.75
-2,20100,STARFRUIT,4996,31,,,,,5001,4,5003.0,31.0,,,4998.5,28.1484375
-2,20200,STARFRUIT,4996,29,,,,,5003,29,,,,,4999.5,24.1875
-2,20300,STARFRUIT,4996,27,,,,,4997,1,5003.0,27.0,,,4996.5,30.4765625
-2,20400,STARFRUIT,4997,1,4996.0,29.0,,,4999,4,5002.0,1.0,5003.0,28.0,4998.0,26.9296875
-2,20500,STARFRUIT,4999,4,4997.0,5.0,4996.0,32.0,5003,32,,,,,5001.0,36.4140625
-2,20600,STARFRUIT,4997,2,4996.0,26.0,,,5003,28,,,,,5000.0,38.546875
-2,20700,STARFRUIT,4999,6,4996.0,22.0,,,5003,22,,,,,5001.0,26.1484375
-2,20800,STARFRUIT,4995,24,,,,,5002,24,,,,,4998.5,11.984375
-2,20900,STARFRUIT,5000,1,4995.0,23.0,,,5002,23,,,,,5001.0,9.703125
-2,21000,STARFRUIT,4996,2,4995.0,26.0,,,5002,28,,,,,4999.0,18.96875
-2,21100,STARFRUIT,4996,2,4995.0,22.0,,,5002,24,,,,,4999.0,19.859375
-2,21200,STARFRUIT,4995,22,,,,,5002,22,,,,,4998.5,20.328125
-2,21300,STARFRUIT,4996,1,4995.0,29.0,,,5002,30,,,,,4999.0,18.625
-2,21400,STARFRUIT,4996,28,,,,,5003,28,,,,,4999.5,23.90625
-2,21500,STARFRUIT,5000,4,4996.0,21.0,,,5002,1,5003.0,20.0,,,5001.0,26.59375
-2,21600,STARFRUIT,4996,27,,,,,5003,27,,,,,4999.5,28.59375
-2,21700,STARFRUIT,4996,2,4995.0,29.0,,,5002,31,,,,,4999.0,21.515625
-2,21800,STARFRUIT,4996,24,,,,,5003,24,,,,,4999.5,30.015625
-2,21900,STARFRUIT,4997,1,4996.0,21.0,,,5003,22,,,,,5000.0,39.78125
-2,22000,STARFRUIT,4996,21,,,,,5003,21,,,,,4999.5,30.4296875
-2,22100,STARFRUIT,4997,23,,,,,5004,24,,,,,5000.5,46.921875
-2,22200,STARFRUIT,4997,21,,,,,5004,21,,,,,5000.5,52.09375
-2,22300,STARFRUIT,4997,29,,,,,5004,29,,,,,5000.5,48.578125
-2,22400,STARFRUIT,4996,29,,,,,5003,29,,,,,4999.5,34.8984375
-2,22500,STARFRUIT,4997,2,4996.0,29.0,,,5003,31,,,,,5000.0,39.59375
-2,22600,STARFRUIT,5000,6,4998.0,4.0,4997.0,22.0,5003,2,5004.0,20.0,,,5001.5,43.5859375
-2,22700,STARFRUIT,4997,1,4996.0,24.0,,,5003,26,,,,,5000.0,39.296875
-2,22800,STARFRUIT,4996,27,,,,,5002,1,5003.0,27.0,,,4999.0,26.4453125
-2,22900,STARFRUIT,4996,32,,,,,5003,32,,,,,4999.5,34.484375
-2,23000,STARFRUIT,4996,22,,,,,5003,22,,,,,4999.5,30.2578125
-2,23100,STARFRUIT,4996,23,,,,,5003,23,,,,,4999.5,26.859375
-2,23200,STARFRUIT,4997,31,,,,,5002,3,5004.0,31.0,,,4999.5,47.25
-2,23300,STARFRUIT,4998,30,,,,,5004,1,5005.0,29.0,,,5001.0,62.5
-2,23400,STARFRUIT,4998,30,,,,,5005,30,,,,,5001.5,69.328125
-2,23500,STARFRUIT,4998,29,,,,,5003,4,5005.0,30.0,,,5000.5,66.046875
-2,23600,STARFRUIT,4998,27,,,,,5005,27,,,,,5001.5,70.6875
-2,23700,STARFRUIT,4997,23,,,,,5002,7,5004.0,23.0,,,4999.5,54.3125
-2,23800,STARFRUIT,5003,1,4997.0,30.0,,,5004,30,,,,,5003.5,55.0625
-2,23900,STARFRUIT,5002,1,4998.0,1.0,4997.0,30.0,5004,30,,,,,5003.0,49.59375
-2,24000,STARFRUIT,4996,29,,,,,5003,29,,,,,4999.5,40.359375
-2,24100,STARFRUIT,4996,26,,,,,5001,3,5003.0,26.0,,,4998.5,28.9921875
-2,24200,STARFRUIT,4996,30,,,,,5003,30,,,,,4999.5,32.75
-2,24300,STARFRUIT,4996,26,,,,,5003,26,,,,,4999.5,33.375
-2,24400,STARFRUIT,5002,1,4996.0,22.0,,,5003,22,,,,,5002.5,34.5078125
-2,24500,STARFRUIT,4997,1,4996.0,25.0,,,5003,26,,,,,5000.0,40.53125
-2,24600,STARFRUIT,4996,24,,,,,5001,2,5003.0,24.0,,,4998.5,34.453125
-2,24700,STARFRUIT,4996,25,,,,,5003,25,,,,,4999.5,25.578125
-2,24800,STARFRUIT,4995,23,,,,,5002,23,,,,,4998.5,12.8203125
-2,24900,STARFRUIT,4999,4,4995.0,23.0,,,5002,23,,,,,5000.5,10.40625
-2,25000,STARFRUIT,4995,23,,,,,5002,23,,,,,4998.5,15.84375
-2,25100,STARFRUIT,4995,25,,,,,5000,4,5002.0,25.0,,,4997.5,14.7578125
-2,25200,STARFRUIT,4996,1,4995.0,24.0,,,5000,3,5002.0,25.0,,,4998.0,19.34375
-2,25300,STARFRUIT,4996,2,4995.0,24.0,,,5002,24,,,,,4999.0,10.859375
-2,25400,STARFRUIT,5000,8,4995.0,30.0,,,5001,1,5002.0,29.0,,,5000.5,7.4765625
-2,25500,STARFRUIT,4995,1,4994.0,20.0,,,5001,21,,,,,4998.0,1.9765625
-2,25600,STARFRUIT,4995,8,4994.0,23.0,,,5001,23,,,,,4998.0,-6.984375
-2,25700,STARFRUIT,4995,32,,,,,5000,6,5001.0,2.0,5002.0,30.0,4997.5,6.328125
-2,25800,STARFRUIT,4995,23,,,,,5002,24,,,,,4998.5,12.4296875
-2,25900,STARFRUIT,4995,25,,,,,5001,2,5002.0,23.0,,,4998.0,6.953125
-2,26000,STARFRUIT,4994,27,,,,,4995,5,5001.0,29.0,,,4994.5,1.4375
-2,26100,STARFRUIT,4994,20,,,,,5001,20,,,,,4997.5,1.015625
-2,26200,STARFRUIT,4994,23,,,,,5000,1,5001.0,22.0,,,4997.0,-9.3359375
-2,26300,STARFRUIT,4994,30,,,,,5001,30,,,,,4997.5,-6.2265625
-2,26400,STARFRUIT,4994,5,4993.0,22.0,,,5000,22,,,,,4997.0,-15.515625
-2,26500,STARFRUIT,4993,24,,,,,5000,24,,,,,4996.5,-18.1875
-2,26600,STARFRUIT,4994,6,4993.0,30.0,,,5000,30,,,,,4997.0,-25.5390625
-2,26700,STARFRUIT,4993,24,,,,,4998,6,4999.0,1.0,5000.0,23.0,4995.5,-29.0
-2,26800,STARFRUIT,4998,1,4992.0,30.0,,,4999,30,,,,,4998.5,-38.546875
-2,26900,STARFRUIT,4991,30,,,,,4992,1,4998.0,30.0,,,4991.5,-49.8359375
-2,27000,STARFRUIT,4992,2,4991.0,28.0,,,4998,28,,,,,4995.0,-54.203125
-2,27100,STARFRUIT,4992,3,4991.0,24.0,,,4998,24,,,,,4995.0,-59.359375
-2,27200,STARFRUIT,4991,21,,,,,4996,2,4998.0,21.0,,,4993.5,-61.6015625
-2,27300,STARFRUIT,4996,1,4991.0,31.0,,,4997,2,4998.0,29.0,,,4996.5,-61.09375
-2,27400,STARFRUIT,4991,21,,,,,4998,21,,,,,4994.5,-49.5625
-2,27500,STARFRUIT,4992,23,,,,,4997,6,4998.0,1.0,4999.0,22.0,4994.5,-43.4375
-2,27600,STARFRUIT,4993,6,4992.0,24.0,,,4999,24,,,,,4996.0,-45.359375
-2,27700,STARFRUIT,4992,24,,,,,4993,5,4999.0,24.0,,,4992.5,-39.8828125
-2,27800,STARFRUIT,4992,28,,,,,4997,3,4998.0,2.0,4999.0,26.0,4994.5,-45.1171875
-2,27900,STARFRUIT,4998,1,4992.0,29.0,,,4999,29,,,,,4998.5,-34.171875
-2,28000,STARFRUIT,4992,28,,,,,4999,28,,,,,4995.5,-30.03125
-2,28100,STARFRUIT,4992,26,,,,,4999,26,,,,,4995.5,-40.3046875
-2,28200,STARFRUIT,4992,26,,,,,4997,5,4999.0,26.0,,,4994.5,-34.609375
-2,28300,STARFRUIT,4993,1,4992.0,23.0,,,4994,2,4999.0,24.0,,,4993.5,-28.4453125
-2,28400,STARFRUIT,4992,1,4991.0,23.0,,,4998,25,,,,,4995.0,-48.7734375
-2,28500,STARFRUIT,4991,23,,,,,4998,23,,,,,4994.5,-54.4453125
-2,28600,STARFRUIT,4991,23,,,,,4996,8,4998.0,23.0,,,4993.5,-58.0390625
-2,28700,STARFRUIT,4990,30,,,,,4997,30,,,,,4993.5,-72.640625
-2,28800,STARFRUIT,4990,27,,,,,4997,27,,,,,4993.5,-80.7265625
-2,28900,STARFRUIT,4990,5,4989.0,21.0,,,4996,22,,,,,4993.0,-87.90625
-2,29000,STARFRUIT,4989,24,,,,,4990,1,4996.0,24.0,,,4989.5,-84.09375
-2,29100,STARFRUIT,4991,3,4990.0,28.0,,,4996,2,4997.0,26.0,,,4993.5,-78.71875
-2,29200,STARFRUIT,4996,1,4991.0,31.0,,,4997,1,4998.0,30.0,,,4996.5,-57.8359375
-2,29300,STARFRUIT,4991,32,,,,,4995,2,4997.0,32.0,,,4993.0,-60.9921875
-2,29400,STARFRUIT,4991,25,,,,,4998,26,,,,,4994.5,-51.828125
-2,29500,STARFRUIT,4992,2,4991.0,29.0,,,4998,29,,,,,4995.0,-51.21875
-2,29600,STARFRUIT,4991,30,,,,,4996,3,4998.0,30.0,,,4993.5,-49.078125
-2,29700,STARFRUIT,4992,2,4991.0,26.0,,,4997,1,4998.0,25.0,,,4994.5,-58.328125
-2,29800,STARFRUIT,4990,31,,,,,4995,1,4997.0,31.0,,,4992.5,-73.546875
-2,29900,STARFRUIT,4991,8,4990.0,21.0,,,4997,21,,,,,4994.0,-79.6640625
-2,30000,STARFRUIT,4990,31,,,,,4997,31,,,,,4993.5,-73.6171875
-2,30100,STARFRUIT,4991,30,,,,,4997,30,,,,,4994.0,-61.0390625
-2,30200,STARFRUIT,4991,22,,,,,4997,2,4998.0,20.0,,,4994.0,-56.2421875
-2,30300,STARFRUIT,4996,1,4991.0,31.0,,,4998,31,,,,,4997.0,-52.296875
-2,30400,STARFRUIT,4994,5,4991.0,31.0,,,4997,2,4998.0,29.0,,,4995.5,-58.984375
-2,30500,STARFRUIT,4991,22,,,,,4998,22,,,,,4994.5,-46.7890625
-2,30600,STARFRUIT,4992,21,,,,,4998,2,4999.0,20.0,,,4995.0,-36.109375
-2,30700,STARFRUIT,4992,30,,,,,4999,30,,,,,4995.5,-40.359375
-2,30800,STARFRUIT,4993,3,4992.0,31.0,,,4998,1,4999.0,30.0,,,4995.5,-40.734375
-2,30900,STARFRUIT,4991,30,,,,,4996,7,4998.0,30.0,,,4993.5,-48.6875
-2,31000,STARFRUIT,4995,4,4993.0,7.0,4992.0,23.0,4998,1,4999.0,22.0,,,4996.5,-37.015625
-2,31100,STARFRUIT,4992,29,,,,,4999,29,,,,,4995.5,-33.8046875
-2,31200,STARFRUIT,4992,31,,,,,4999,31,,,,,4995.5,-34.578125
-2,31300,STARFRUIT,4992,24,,,,,4999,24,,,,,4995.5,-31.3515625
-2,31400,STARFRUIT,4992,26,,,,,4999,26,,,,,4995.5,-27.859375
-2,31500,STARFRUIT,4993,5,4992.0,30.0,,,4999,30,,,,,4996.0,-31.1484375
-2,31600,STARFRUIT,4997,1,4992.0,27.0,,,4998,27,,,,,4997.5,-41.046875
-2,31700,STARFRUIT,4991,24,,,,,4996,3,4998.0,24.0,,,4993.5,-51.28125
-2,31800,STARFRUIT,4993,6,4991.0,1.0,4990.0,25.0,4997,26,,,,,4995.0,-65.1328125
-2,31900,STARFRUIT,4991,4,4990.0,28.0,,,4997,28,,,,,4994.0,-61.4765625
-2,32000,STARFRUIT,4992,3,4991.0,24.0,,,4998,25,,,,,4995.0,-43.84375
-2,32100,STARFRUIT,4991,29,,,,,4997,1,4998.0,28.0,,,4994.0,-57.375
-2,32200,STARFRUIT,4991,28,,,,,4997,1,4998.0,27.0,,,4994.0,-56.296875
-2,32300,STARFRUIT,4991,25,,,,,4998,25,,,,,4994.5,-53.0390625
-2,32400,STARFRUIT,4991,30,,,,,4997,1,4998.0,30.0,,,4994.0,-60.890625
-2,32500,STARFRUIT,4991,21,,,,,4996,5,4997.0,1.0,4998.0,21.0,4993.5,-59.28125
-2,32600,STARFRUIT,4990,30,,,,,4997,30,,,,,4993.5,-68.0234375
-2,32700,STARFRUIT,4991,24,,,,,4997,2,4998.0,22.0,,,4994.0,-58.4921875
-2,32800,STARFRUIT,4991,2,4990.0,28.0,,,4997,30,,,,,4994.0,-63.234375
-2,32900,STARFRUIT,4991,2,4990.0,27.0,,,4997,29,,,,,4994.0,-62.4453125
-2,33000,STARFRUIT,4996,1,4991.0,30.0,,,4997,2,4998.0,28.0,,,4996.5,-57.015625
-2,33100,STARFRUIT,4991,28,,,,,4996,3,4997.0,1.0,4998.0,28.0,4993.5,-60.453125
-2,33200,STARFRUIT,4990,20,,,,,4991,10,4997.0,21.0,,,4990.5,-74.734375
-2,33300,STARFRUIT,4990,21,,,,,4996,1,4997.0,20.0,,,4993.0,-78.96875
-2,33400,STARFRUIT,4990,32,,,,,4997,32,,,,,4993.5,-72.9140625
-2,33500,STARFRUIT,4990,21,,,,,4997,21,,,,,4993.5,-73.609375
-2,33600,STARFRUIT,4990,27,,,,,4997,27,,,,,4993.5,-71.7890625
-2,33700,STARFRUIT,4991,4,4990.0,28.0,,,4996,1,4997.0,27.0,,,4993.5,-80.40625
-2,33800,STARFRUIT,4994,3,4991.0,5.0,4990.0,26.0,4996,1,4997.0,25.0,,,4995.0,-79.28125
-2,33900,STARFRUIT,4990,24,,,,,4997,24,,,,,4993.5,-73.5
-2,34000,STARFRUIT,4990,29,,,,,4995,8,4997.0,30.0,,,4992.5,-73.2265625
-2,34100,STARFRUIT,4992,2,4991.0,23.0,,,4997,1,4998.0,22.0,,,4994.5,-58.0625
-2,34200,STARFRUIT,4991,23,,,,,4996,1,4998.0,23.0,,,4993.5,-59.734375
-2,34300,STARFRUIT,4990,23,,,,,4997,23,,,,,4993.5,-68.03125
-2,34400,STARFRUIT,4991,3,4990.0,25.0,,,4996,25,,,,,4993.5,-80.921875
-2,34500,STARFRUIT,4990,30,,,,,4991,5,4995.0,1.0,4997.0,30.0,4990.5,-71.7734375
-2,34600,STARFRUIT,4990,28,,,,,4997,29,,,,,4993.5,-72.2578125
-2,34700,STARFRUIT,4990,24,,,,,4997,24,,,,,4993.5,-64.21875
-2,34800,STARFRUIT,4991,25,,,,,4997,2,4998.0,23.0,,,4994.0,-60.59375
-2,34900,STARFRUIT,4991,21,,,,,4998,21,,,,,4994.5,-47.6796875
-2,35000,STARFRUIT,4997,1,4992.0,20.0,,,4999,20,,,,,4998.0,-37.609375
-2,35100,STARFRUIT,4992,31,,,,,4998,2,4999.0,29.0,,,4995.0,-40.640625
-2,35200,STARFRUIT,4993,3,4992.0,30.0,,,4998,2,4999.0,28.0,,,4995.5,-38.46875
-2,35300,STARFRUIT,4992,28,,,,,4993,8,4999.0,28.0,,,4992.5,-29.84375
-2,35400,STARFRUIT,4997,1,4993.0,2.0,4992.0,25.0,4999,25,,,,,4998.0,-39.703125
-2,35500,STARFRUIT,4992,28,,,,,4999,28,,,,,4995.5,-28.171875
-2,35600,STARFRUIT,4993,26,,,,,5000,26,,,,,4996.5,-18.5390625
-2,35700,STARFRUIT,4993,29,,,,,5000,29,,,,,4996.5,-10.7265625
-2,35800,STARFRUIT,4993,31,,,,,4994,2,5000.0,31.0,,,4993.5,-12.3359375
-2,35900,STARFRUIT,4993,23,,,,,5000,23,,,,,4996.5,-9.953125
-2,36000,STARFRUIT,4993,30,,,,,4998,3,5000.0,30.0,,,4995.5,-18.859375
-2,36100,STARFRUIT,4993,26,,,,,4999,2,5000.0,24.0,,,4996.0,-18.4140625
-2,36200,STARFRUIT,4993,1,4992.0,29.0,,,4999,30,,,,,4996.0,-23.109375
-2,36300,STARFRUIT,4993,1,4992.0,21.0,,,4997,6,4999.0,22.0,,,4995.0,-22.4375
-2,36400,STARFRUIT,4998,1,4993.0,3.0,4992.0,21.0,4999,21,,,,,4998.5,-26.390625
-2,36500,STARFRUIT,4992,25,,,,,4994,2,4999.0,25.0,,,4993.0,-24.140625
-2,36600,STARFRUIT,4993,29,,,,,5000,29,,,,,4996.5,-14.765625
-2,36700,STARFRUIT,4992,21,,,,,4999,21,,,,,4995.5,-25.21875
-2,36800,STARFRUIT,4993,30,,,,,5000,30,,,,,4996.5,-17.8671875
-2,36900,STARFRUIT,4992,27,,,,,4999,27,,,,,4995.5,-33.734375
-2,37000,STARFRUIT,4991,25,,,,,4998,25,,,,,4994.5,-50.953125
-2,37100,STARFRUIT,4992,4,4991.0,23.0,,,4998,23,,,,,4995.0,-51.921875
-2,37200,STARFRUIT,4992,4,4991.0,21.0,,,4998,21,,,,,4995.0,-51.890625
-2,37300,STARFRUIT,4992,4,4991.0,28.0,,,4998,28,,,,,4995.0,-48.375
-2,37400,STARFRUIT,4990,30,,,,,4997,30,,,,,4993.5,-61.5078125
-2,37500,STARFRUIT,4991,2,4990.0,25.0,,,4997,27,,,,,4994.0,-62.0
-2,37600,STARFRUIT,4991,22,,,,,4997,22,,,,,4994.0,-61.0078125
-2,37700,STARFRUIT,4991,24,,,,,4998,24,,,,,4994.5,-51.03125
-2,37800,STARFRUIT,4991,24,,,,,4998,25,,,,,4994.5,-51.8671875
-2,37900,STARFRUIT,4991,25,,,,,4998,25,,,,,4994.5,-47.6796875
-2,38000,STARFRUIT,4991,32,,,,,4996,4,4998.0,32.0,,,4993.5,-55.46875
-2,38100,STARFRUIT,4991,28,,,,,4997,2,4998.0,26.0,,,4994.0,-56.984375
-2,38200,STARFRUIT,4991,28,,,,,4997,1,4998.0,27.0,,,4994.0,-60.5390625
-2,38300,STARFRUIT,4991,26,,,,,4998,26,,,,,4994.5,-54.96875
-2,38400,STARFRUIT,4991,1,4990.0,23.0,,,4993,6,4997.0,24.0,,,4992.0,-62.84375
-2,38500,STARFRUIT,4990,21,,,,,4997,21,,,,,4993.5,-69.5078125
-2,38600,STARFRUIT,4991,2,4990.0,28.0,,,4997,30,,,,,4994.0,-64.9375
-2,38700,STARFRUIT,4991,20,,,,,4998,20,,,,,4994.5,-50.703125
-2,38800,STARFRUIT,4991,21,,,,,4993,2,4996.0,1.0,4998.0,21.0,4992.0,-47.6796875
-2,38900,STARFRUIT,4992,2,4991.0,30.0,,,4996,7,4998.0,32.0,,,4994.0,-45.28125
-2,39000,STARFRUIT,4991,23,,,,,4998,23,,,,,4994.5,-48.046875
-2,39100,STARFRUIT,4992,25,,,,,4998,1,4999.0,24.0,,,4995.0,-39.40625
-2,39200,STARFRUIT,4992,30,,,,,4997,2,4999.0,30.0,,,4994.5,-35.125
-2,39300,STARFRUIT,4992,27,,,,,4999,27,,,,,4995.5,-21.34375
-2,39400,STARFRUIT,4993,31,,,,,4998,5,4999.0,1.0,5000.0,30.0,4995.5,-18.7265625
-2,39500,STARFRUIT,4992,27,,,,,4997,3,4999.0,27.0,,,4994.5,-26.296875
-2,39600,STARFRUIT,4997,4,4992.0,23.0,,,4999,23,,,,,4998.0,-30.84375
-2,39700,STARFRUIT,4993,4,4992.0,24.0,,,4998,2,4999.0,22.0,,,4995.5,-38.7265625
-2,39800,STARFRUIT,4991,28,,,,,4998,28,,,,,4994.5,-48.6953125
-2,39900,STARFRUIT,4992,31,,,,,4998,1,4999.0,30.0,,,4995.0,-38.6484375
-2,40000,STARFRUIT,4992,22,,,,,4999,22,,,,,4995.5,-32.2421875
-2,40100,STARFRUIT,4992,2,4991.0,29.0,,,4998,31,,,,,4995.0,-42.109375
-2,40200,STARFRUIT,4992,29,,,,,4999,29,,,,,4995.5,-27.953125
-2,40300,STARFRUIT,4992,22,,,,,4999,22,,,,,4995.5,-26.015625
-2,40400,STARFRUIT,4992,24,,,,,4999,24,,,,,4995.5,-33.65625
-2,40500,STARFRUIT,4992,29,,,,,4993,1,4999.0,29.0,,,4992.5,-30.6015625
-2,40600,STARFRUIT,4993,4,4992.0,26.0,,,4999,26,,,,,4996.0,-31.1640625
-2,40700,STARFRUIT,4992,22,,,,,4998,2,4999.0,20.0,,,4995.0,-37.328125
-2,40800,STARFRUIT,4991,27,,,,,4998,27,,,,,4994.5,-52.8046875
-2,40900,STARFRUIT,4991,28,,,,,4998,28,,,,,4994.5,-52.53125
-2,41000,STARFRUIT,4991,21,,,,,4992,1,4996.0,3.0,4998.0,21.0,4991.5,-50.2265625
-2,41100,STARFRUIT,4990,27,,,,,4991,1,4992.0,2.0,4997.0,27.0,4990.5,-70.765625
-2,41200,STARFRUIT,4990,29,,,,,4997,29,,,,,4993.5,-66.375
-2,41300,STARFRUIT,4991,1,4990.0,24.0,,,4995,4,4997.0,25.0,,,4993.0,-61.46875
-2,41400,STARFRUIT,4991,2,4990.0,23.0,,,4993,4,4995.0,5.0,4997.0,25.0,4992.0,-65.2265625
-2,41500,STARFRUIT,4991,2,4990.0,20.0,,,4995,1,4997.0,22.0,,,4993.0,-64.3515625
-2,41600,STARFRUIT,4990,23,,,,,4995,7,4997.0,23.0,,,4992.5,-66.59375
-2,41700,STARFRUIT,4993,4,4990.0,21.0,,,4997,21,,,,,4995.0,-73.2734375
-2,41800,STARFRUIT,4990,24,,,,,4996,2,4997.0,22.0,,,4993.0,-76.15625
-2,41900,STARFRUIT,4991,1,4990.0,21.0,,,4995,1,4997.0,22.0,,,4993.0,-65.4140625
-2,42000,STARFRUIT,4990,31,,,,,4995,5,4996.0,2.0,4997.0,30.0,4992.5,-76.9765625
-2,42100,STARFRUIT,4990,23,,,,,4997,23,,,,,4993.5,-75.1015625
-2,42200,STARFRUIT,4990,28,,,,,4997,28,,,,,4993.5,-73.65625
-2,42300,STARFRUIT,4990,20,,,,,4991,7,4995.0,2.0,4997.0,20.0,4990.5,-79.296875
-2,42400,STARFRUIT,4990,1,4989.0,29.0,,,4996,31,,,,,4993.0,-82.828125
-2,42500,STARFRUIT,4989,24,,,,,4996,24,,,,,4992.5,-93.9765625
-2,42600,STARFRUIT,4989,26,,,,,4996,26,,,,,4992.5,-100.7734375
-2,42700,STARFRUIT,4989,26,,,,,4996,26,,,,,4992.5,-100.671875
-2,42800,STARFRUIT,4989,30,,,,,4996,30,,,,,4992.5,-98.09375
-2,42900,STARFRUIT,4988,25,,,,,4995,25,,,,,4991.5,-105.25
-2,43000,STARFRUIT,4991,2,4990.0,23.0,,,4996,23,,,,,4993.5,-80.953125
-2,43100,STARFRUIT,4989,21,,,,,4996,21,,,,,4992.5,-85.5
-2,43200,STARFRUIT,4990,1,4989.0,20.0,,,4996,21,,,,,4993.0,-84.5078125
-2,43300,STARFRUIT,4989,25,,,,,4994,2,4996.0,25.0,,,4991.5,-86.359375
-2,43400,STARFRUIT,4994,4,4989.0,24.0,,,4996,24,,,,,4995.0,-89.5546875
-2,43500,STARFRUIT,4990,22,,,,,4995,7,4997.0,23.0,,,4992.5,-79.21875
-2,43600,STARFRUIT,4990,5,4989.0,21.0,,,4996,23,,,,,4993.0,-83.0390625
-2,43700,STARFRUIT,4990,24,,,,,4997,24,,,,,4993.5,-72.4453125
-2,43800,STARFRUIT,4991,9,4990.0,26.0,,,4997,28,,,,,4994.0,-63.375
-2,43900,STARFRUIT,4991,6,4990.0,30.0,,,4997,30,,,,,4994.0,-71.7109375
-2,44000,STARFRUIT,4991,2,4990.0,20.0,,,4995,3,4997.0,22.0,,,4993.0,-63.484375
-2,44100,STARFRUIT,4990,24,,,,,4997,24,,,,,4993.5,-68.671875
-2,44200,STARFRUIT,4991,21,,,,,4998,21,,,,,4994.5,-46.921875
-2,44300,STARFRUIT,4991,27,,,,,4998,27,,,,,4994.5,-50.0
-2,44400,STARFRUIT,4991,28,,,,,4998,28,,,,,4994.5,-57.5
-2,44500,STARFRUIT,4995,1,4991.0,2.0,4990.0,21.0,4997,21,,,,,4996.0,-72.7265625
-2,44600,STARFRUIT,4990,1,4989.0,23.0,,,4996,24,,,,,4993.0,-83.03125
-2,44700,STARFRUIT,4989,29,,,,,4996,29,,,,,4992.5,-87.671875
-2,44800,STARFRUIT,4989,29,,,,,4996,29,,,,,4992.5,-95.625
-2,44900,STARFRUIT,4989,2,4988.0,25.0,,,4995,26,,,,,4992.0,-105.4140625
-2,45000,STARFRUIT,4988,26,,,,,4995,26,,,,,4991.5,-110.96875
-2,45100,STARFRUIT,4988,27,,,,,4993,5,4995.0,27.0,,,4990.5,-112.625
-2,45200,STARFRUIT,4989,1,4988.0,28.0,,,4993,6,4995.0,29.0,,,4991.0,-101.109375
-2,45300,STARFRUIT,4989,4,4988.0,22.0,,,4995,22,,,,,4992.0,-114.6796875
-2,45400,STARFRUIT,4988,22,,,,,4993,2,4994.0,2.0,4995.0,21.0,4990.5,-119.078125
-2,45500,STARFRUIT,4987,25,,,,,4990,3,4994.0,25.0,,,4988.5,-126.6875
-2,45600,STARFRUIT,4988,7,4987.0,26.0,,,4994,26,,,,,4991.0,-138.75
-2,45700,STARFRUIT,4986,24,,,,,4993,24,,,,,4989.5,-148.828125
-2,45800,STARFRUIT,4986,27,,,,,4992,1,4993.0,27.0,,,4989.0,-156.046875
-2,45900,STARFRUIT,4987,4,4986.0,31.0,,,4993,31,,,,,4990.0,-150.3671875
-2,46000,STARFRUIT,4986,26,,,,,4993,26,,,,,4989.5,-151.9296875
-2,46100,STARFRUIT,4986,25,,,,,4992,2,4993.0,23.0,,,4989.0,-156.21875
-2,46200,STARFRUIT,4986,28,,,,,4993,28,,,,,4989.5,-151.375
-2,46300,STARFRUIT,4986,29,,,,,4993,29,,,,,4989.5,-149.15625
-2,46400,STARFRUIT,4986,22,,,,,4993,22,,,,,4989.5,-150.953125
-2,46500,STARFRUIT,4989,6,4986.0,31.0,,,4993,31,,,,,4991.0,-147.90625
-2,46600,STARFRUIT,4987,3,4986.0,28.0,,,4993,28,,,,,4990.0,-154.515625
-2,46700,STARFRUIT,4986,26,,,,,4993,26,,,,,4989.5,-149.53125
-2,46800,STARFRUIT,4987,1,4986.0,21.0,,,4993,22,,,,,4990.0,-145.84375
-2,46900,STARFRUIT,4992,1,4986.0,32.0,,,4993,32,,,,,4992.5,-149.1328125
-2,47000,STARFRUIT,4986,21,,,,,4992,1,4993.0,20.0,,,4989.0,-158.8515625
-2,47100,STARFRUIT,4986,26,,,,,4988,4,4993.0,26.0,,,4987.0,-146.78125
-2,47200,STARFRUIT,4987,2,4986.0,28.0,,,4993,30,,,,,4990.0,-146.046875
-2,47300,STARFRUIT,4987,25,,,,,4992,1,4994.0,25.0,,,4989.5,-121.7890625
-2,47400,STARFRUIT,4988,1,4987.0,24.0,,,4994,24,,,,,4991.0,-127.0078125
-2,47500,STARFRUIT,4988,30,,,,,4993,6,4995.0,30.0,,,4990.5,-120.234375
-2,47600,STARFRUIT,4988,1,4987.0,27.0,,,4994,28,,,,,4991.0,-123.703125
-2,47700,STARFRUIT,4988,1,4987.0,22.0,,,4994,23,,,,,4991.0,-121.7109375
-2,47800,STARFRUIT,4988,23,,,,,4995,23,,,,,4991.5,-115.09375
-2,47900,STARFRUIT,4987,27,,,,,4994,27,,,,,4990.5,-121.46875
-2,48000,STARFRUIT,4987,27,,,,,4994,27,,,,,4990.5,-122.28125
-2,48100,STARFRUIT,4989,1,4988.0,21.0,,,4994,21,,,,,4991.5,-121.015625
-2,48200,STARFRUIT,4988,25,,,,,4995,25,,,,,4991.5,-120.1328125
-2,48300,STARFRUIT,4988,29,,,,,4991,5,4995.0,29.0,,,4989.5,-115.40625
-2,48400,STARFRUIT,4989,1,4988.0,27.0,,,4995,27,,,,,4992.0,-107.2578125
-2,48500,STARFRUIT,4990,1,4989.0,29.0,,,4996,29,,,,,4993.0,-100.6484375
-2,48600,STARFRUIT,4990,1,4989.0,29.0,,,4995,1,4996.0,28.0,,,4992.5,-98.5703125
-2,48700,STARFRUIT,4989,1,4988.0,22.0,,,4995,23,,,,,4992.0,-101.3515625
-2,48800,STARFRUIT,4989,5,4988.0,24.0,,,4995,24,,,,,4992.0,-110.34375
-2,48900,STARFRUIT,4989,7,4988.0,27.0,,,4995,27,,,,,4992.0,-116.21875
-2,49000,STARFRUIT,4989,7,4988.0,32.0,,,4994,2,4995.0,30.0,,,4991.5,-120.4375
-2,49100,STARFRUIT,4989,8,4988.0,32.0,,,4995,32,,,,,4992.0,-115.0234375
-2,49200,STARFRUIT,4988,21,,,,,4994,1,4995.0,20.0,,,4991.0,-117.9375
-2,49300,STARFRUIT,4987,22,,,,,4988,1,4994.0,22.0,,,4987.5,-127.828125
-2,49400,STARFRUIT,4992,14,4987.0,20.0,,,4994,20,,,,,4993.0,-122.8671875
-2,49500,STARFRUIT,4988,8,4987.0,32.0,,,4994,32,,,,,4991.0,-129.265625
-2,49600,STARFRUIT,4992,1,4987.0,24.0,,,4994,24,,,,,4993.0,-135.375
-2,49700,STARFRUIT,4987,28,,,,,4993,2,4994.0,26.0,,,4990.0,-137.1875
-2,49800,STARFRUIT,4987,25,,,,,4988,5,4994.0,25.0,,,4987.5,-133.4375
-2,49900,STARFRUIT,4986,23,,,,,4993,23,,,,,4989.5,-152.6484375
-2,50000,STARFRUIT,4986,1,4985.0,20.0,,,4992,21,,,,,4989.0,-161.578125
-2,50100,STARFRUIT,4986,24,,,,,4991,2,4993.0,24.0,,,4988.5,-160.203125
-2,50200,STARFRUIT,4985,24,,,,,4992,24,,,,,4988.5,-163.109375
-2,50300,STARFRUIT,4985,30,,,,,4992,30,,,,,4988.5,-170.0
-2,50400,STARFRUIT,4985,23,,,,,4988,2,4990.0,1.0,4992.0,23.0,4986.5,-174.3203125
-2,50500,STARFRUIT,4986,2,4985.0,23.0,,,4992,25,,,,,4989.0,-163.328125
-2,50600,STARFRUIT,4985,23,,,,,4986,8,4992.0,23.0,,,4985.5,-166.96875
-2,50700,STARFRUIT,4986,2,4985.0,22.0,,,4992,24,,,,,4989.0,-161.3125
-2,50800,STARFRUIT,4991,1,4986.0,24.0,,,4993,24,,,,,4992.0,-155.03125
-2,50900,STARFRUIT,4986,28,,,,,4991,4,4992.0,1.0,4993.0,27.0,4988.5,-158.625
-2,51000,STARFRUIT,4986,28,,,,,4993,28,,,,,4989.5,-155.125
-2,51100,STARFRUIT,4986,26,,,,,4992,1,4993.0,25.0,,,4989.0,-158.71875
-2,51200,STARFRUIT,4986,2,4985.0,28.0,,,4992,30,,,,,4989.0,-163.5859375
-2,51300,STARFRUIT,4985,25,,,,,4992,25,,,,,4988.5,-172.5546875
-2,51400,STARFRUIT,4985,30,,,,,4992,30,,,,,4988.5,-165.609375
-2,51500,STARFRUIT,4991,1,4985.0,30.0,,,4992,30,,,,,4991.5,-168.796875
-2,51600,STARFRUIT,4988,5,4985.0,24.0,,,4992,24,,,,,4990.0,-173.1953125
-2,51700,STARFRUIT,4984,20,,,,,4986,4,4991.0,20.0,,,4985.0,-182.171875
-2,51800,STARFRUIT,4985,25,,,,,4992,25,,,,,4988.5,-167.8125
-2,51900,STARFRUIT,4990,4,4986.0,1.0,4985.0,23.0,4992,24,,,,,4991.0,-161.9296875
-2,52000,STARFRUIT,4985,29,,,,,4990,6,4992.0,29.0,,,4987.5,-163.0
-2,52100,STARFRUIT,4985,21,,,,,4992,21,,,,,4988.5,-168.5390625
-2,52200,STARFRUIT,4985,31,,,,,4991,2,4992.0,29.0,,,4988.0,-180.71875
-2,52300,STARFRUIT,4990,1,4985.0,28.0,,,4991,1,4992.0,27.0,,,4990.5,-178.4140625
-2,52400,STARFRUIT,4985,30,,,,,4991,1,4992.0,29.0,,,4988.0,-176.140625
-2,52500,STARFRUIT,4990,1,4984.0,28.0,,,4991,28,,,,,4990.5,-187.34375
-2,52600,STARFRUIT,4985,23,,,,,4988,4,4991.0,1.0,4992.0,22.0,4986.5,-178.125
-2,52700,STARFRUIT,4985,26,,,,,4992,27,,,,,4988.5,-171.9765625
-2,52800,STARFRUIT,4985,26,,,,,4992,26,,,,,4988.5,-179.640625
-2,52900,STARFRUIT,4984,30,,,,,4991,30,,,,,4987.5,-184.078125
-2,53000,STARFRUIT,4984,21,,,,,4991,21,,,,,4987.5,-187.4921875
-2,53100,STARFRUIT,4984,24,,,,,4991,24,,,,,4987.5,-186.234375
-2,53200,STARFRUIT,4990,1,4984.0,31.0,,,4991,31,,,,,4990.5,-187.40625
-2,53300,STARFRUIT,4984,29,,,,,4991,29,,,,,4987.5,-200.4453125
-2,53400,STARFRUIT,4984,25,,,,,4991,25,,,,,4987.5,-188.7421875
-2,53500,STARFRUIT,4984,23,,,,,4991,23,,,,,4987.5,-186.2421875
-2,53600,STARFRUIT,4985,24,,,,,4992,24,,,,,4988.5,-176.2421875
-2,53700,STARFRUIT,4985,30,,,,,4992,30,,,,,4988.5,-166.28125
-2,53800,STARFRUIT,4985,30,,,,,4992,30,,,,,4988.5,-167.953125
-2,53900,STARFRUIT,4986,2,4985.0,25.0,,,4992,27,,,,,4989.0,-165.25
-2,54000,STARFRUIT,4986,31,,,,,4991,1,4992.0,1.0,4993.0,30.0,4988.5,-159.40625
-2,54100,STARFRUIT,4986,24,,,,,4991,2,4993.0,24.0,,,4988.5,-153.3046875
-2,54200,STARFRUIT,4986,28,,,,,4993,28,,,,,4989.5,-154.625
-2,54300,STARFRUIT,4991,1,4986.0,25.0,,,4992,2,4993.0,23.0,,,4991.5,-159.5546875
-2,54400,STARFRUIT,4986,29,,,,,4993,29,,,,,4989.5,-159.2890625
-2,54500,STARFRUIT,4986,1,4985.0,20.0,,,4992,21,,,,,4989.0,-165.6796875
-2,54600,STARFRUIT,4985,27,,,,,4992,27,,,,,4988.5,-170.109375
-2,54700,STARFRUIT,4984,29,,,,,4986,4,4991.0,29.0,,,4985.0,-186.265625
-2,54800,STARFRUIT,4984,27,,,,,4989,1,4991.0,27.0,,,4986.5,-185.6171875
-2,54900,STARFRUIT,4984,29,,,,,4991,29,,,,,4987.5,-193.796875
-2,55000,STARFRUIT,4985,6,4984.0,30.0,,,4990,2,4991.0,28.0,,,4987.5,-198.2265625
-2,55100,STARFRUIT,4985,8,4984.0,29.0,,,4991,29,,,,,4988.0,-198.6640625
-2,55200,STARFRUIT,4984,23,,,,,4985,5,4989.0,8.0,4990.0,2.0,4984.5,-196.1875
-2,55300,STARFRUIT,4985,2,4984.0,27.0,,,4991,29,,,,,4988.0,-181.1875
-2,55400,STARFRUIT,4986,2,4985.0,22.0,,,4991,1,4992.0,21.0,,,4988.5,-179.578125
-2,55500,STARFRUIT,4990,1,4985.0,4.0,4984.0,25.0,4991,25,,,,,4990.5,-190.828125
-2,55600,STARFRUIT,4985,3,4984.0,26.0,,,4991,26,,,,,4988.0,-189.8125
-2,55700,STARFRUIT,4985,2,4984.0,23.0,,,4991,23,,,,,4988.0,-194.5546875
-2,55800,STARFRUIT,4984,27,,,,,4991,27,,,,,4987.5,-191.3984375
-2,55900,STARFRUIT,4984,22,,,,,4991,22,,,,,4987.5,-196.859375
-2,56000,STARFRUIT,4984,2,4983.0,22.0,,,4985,3,4990.0,24.0,,,4984.5,-202.5
-2,56100,STARFRUIT,4983,22,,,,,4990,22,,,,,4986.5,-206.5859375
-2,56200,STARFRUIT,4987,2,4983.0,30.0,,,4990,30,,,,,4988.5,-211.5859375
-2,56300,STARFRUIT,4983,8,4982.0,25.0,,,4989,27,,,,,4986.0,-226.109375
-2,56400,STARFRUIT,4982,31,,,,,4989,31,,,,,4985.5,-231.4296875
-2,56500,STARFRUIT,4982,29,,,,,4989,29,,,,,4985.5,-231.5546875
-2,56600,STARFRUIT,4983,2,4982.0,29.0,,,4989,31,,,,,4986.0,-222.03125
-2,56700,STARFRUIT,4987,6,4983.0,2.0,4982.0,24.0,4989,26,,,,,4988.0,-224.375
-2,56800,STARFRUIT,4982,24,,,,,4989,24,,,,,4985.5,-227.34375
-2,56900,STARFRUIT,4983,4,4982.0,20.0,,,4989,22,,,,,4986.0,-222.7578125
-2,57000,STARFRUIT,4983,28,,,,,4988,8,4989.0,1.0,4990.0,27.0,4985.5,-218.4921875
-2,57100,STARFRUIT,4984,2,4983.0,25.0,,,4990,27,,,,,4987.0,-205.796875
-2,57200,STARFRUIT,4989,1,4984.0,27.0,,,4990,27,,,,,4989.5,-201.15625
-2,57300,STARFRUIT,4984,1,4983.0,26.0,,,4990,27,,,,,4987.0,-201.328125
-2,57400,STARFRUIT,4984,24,,,,,4989,2,4991.0,24.0,,,4986.5,-190.703125
-2,57500,STARFRUIT,4989,5,4986.0,5.0,4985.0,25.0,4991,2,4992.0,23.0,,,4990.0,-178.5703125
-2,57600,STARFRUIT,4984,24,,,,,4991,24,,,,,4987.5,-182.3671875
-2,57700,STARFRUIT,4985,29,,,,,4991,29,,,,,4988.0,-181.125
-2,57800,STARFRUIT,4984,31,,,,,4991,31,,,,,4987.5,-194.5
-2,57900,STARFRUIT,4984,27,,,,,4987,6,4989.0,5.0,4990.0,2.0,4985.5,-197.40625
-2,58000,STARFRUIT,4984,5,4983.0,24.0,,,4990,25,,,,,4987.0,-204.4453125
-2,58100,STARFRUIT,4983,23,,,,,4990,23,,,,,4986.5,-206.1640625
-2,58200,STARFRUIT,4983,31,,,,,4990,31,,,,,4986.5,-210.0
-2,58300,STARFRUIT,4983,29,,,,,4990,29,,,,,4986.5,-211.34375
-2,58400,STARFRUIT,4983,23,,,,,4988,1,4990.0,23.0,,,4985.5,-212.1796875
-2,58500,STARFRUIT,4983,21,,,,,4990,21,,,,,4986.5,-208.2734375
-2,58600,STARFRUIT,4983,25,,,,,4988,7,4990.0,25.0,,,4985.5,-206.453125
-2,58700,STARFRUIT,4984,2,4983.0,32.0,,,4990,32,,,,,4987.0,-210.9296875
-2,58800,STARFRUIT,4982,29,,,,,4989,29,,,,,4985.5,-221.1953125
-2,58900,STARFRUIT,4983,25,,,,,4990,25,,,,,4986.5,-211.3984375
-2,59000,STARFRUIT,4984,22,,,,,4990,2,4991.0,20.0,,,4987.0,-200.1484375
-2,59100,STARFRUIT,4984,7,4983.0,27.0,,,4990,27,,,,,4987.0,-203.7734375
-2,59200,STARFRUIT,4984,31,,,,,4990,2,4991.0,29.0,,,4987.0,-199.328125
-2,59300,STARFRUIT,4983,26,,,,,4988,2,4990.0,27.0,,,4985.5,-211.4765625
-2,59400,STARFRUIT,4983,1,4982.0,21.0,,,4989,22,,,,,4986.0,-223.8984375
-2,59500,STARFRUIT,4982,23,,,,,4989,23,,,,,4985.5,-226.0703125
-2,59600,STARFRUIT,4983,29,,,,,4990,29,,,,,4986.5,-214.390625
-2,59700,STARFRUIT,4982,21,,,,,4989,21,,,,,4985.5,-222.71875
-2,59800,STARFRUIT,4982,25,,,,,4989,25,,,,,4985.5,-229.359375
-2,59900,STARFRUIT,4983,24,,,,,4989,1,4990.0,23.0,,,4986.0,-216.609375
-2,60000,STARFRUIT,4982,22,,,,,4989,22,,,,,4985.5,-231.6640625
-2,60100,STARFRUIT,4982,27,,,,,4989,27,,,,,4985.5,-226.546875
-2,60200,STARFRUIT,4987,3,4982.0,25.0,,,4989,25,,,,,4988.0,-222.6875
-2,60300,STARFRUIT,4983,1,4982.0,27.0,,,4989,28,,,,,4986.0,-224.34375
-2,60400,STARFRUIT,4983,1,4982.0,20.0,,,4989,21,,,,,4986.0,-222.859375
-2,60500,STARFRUIT,4984,1,4983.0,23.0,,,4990,24,,,,,4987.0,-202.046875
-2,60600,STARFRUIT,4984,2,4983.0,24.0,,,4990,24,,,,,4987.0,-211.0078125
-2,60700,STARFRUIT,4983,22,,,,,4988,5,4990.0,22.0,,,4985.5,-213.515625
-2,60800,STARFRUIT,4983,31,,,,,4990,32,,,,,4986.5,-215.4375
-2,60900,STARFRUIT,4983,31,,,,,4984,3,4987.0,4.0,4989.0,31.0,4983.5,-220.9296875
-2,61000,STARFRUIT,4982,28,,,,,4989,28,,,,,4985.5,-231.609375
-2,61100,STARFRUIT,4983,29,,,,,4988,3,4990.0,29.0,,,4985.5,-218.9609375
-2,61200,STARFRUIT,4983,22,,,,,4986,2,4989.0,1.0,4990.0,21.0,4984.5,-217.234375
-2,61300,STARFRUIT,4982,23,,,,,4989,23,,,,,4985.5,-231.21875
-2,61400,STARFRUIT,4982,31,,,,,4988,1,4989.0,30.0,,,4985.0,-236.8125
-2,61500,STARFRUIT,4982,29,,,,,4989,29,,,,,4985.5,-233.609375
-2,61600,STARFRUIT,4982,30,,,,,4987,5,4989.0,30.0,,,4984.5,-230.4140625
-2,61700,STARFRUIT,4981,26,,,,,4986,7,4988.0,27.0,,,4983.5,-241.875
-2,61800,STARFRUIT,4981,20,,,,,4988,20,,,,,4984.5,-242.625
-2,61900,STARFRUIT,4982,26,,,,,4989,26,,,,,4985.5,-240.5625
-2,62000,STARFRUIT,4987,1,4982.0,20.0,,,4989,20,,,,,4988.0,-237.46875
-2,62100,STARFRUIT,4982,25,,,,,4989,25,,,,,4985.5,-234.34375
-2,62200,STARFRUIT,4981,25,,,,,4988,25,,,,,4984.5,-248.84375
-2,62300,STARFRUIT,4982,22,,,,,4989,22,,,,,4985.5,-234.1875
-2,62400,STARFRUIT,4982,25,,,,,4987,8,4989.0,25.0,,,4984.5,-232.5234375
-2,62500,STARFRUIT,4984,2,4983.0,24.0,,,4989,1,4990.0,23.0,,,4986.5,-218.1875
-2,62600,STARFRUIT,4984,29,,,,,4991,29,,,,,4987.5,-195.453125
-2,62700,STARFRUIT,4984,26,,,,,4990,2,4991.0,24.0,,,4987.0,-196.7421875
-2,62800,STARFRUIT,4983,26,,,,,4984,1,4988.0,1.0,4990.0,26.0,4983.5,-206.5625
-2,62900,STARFRUIT,4984,29,,,,,4989,1,4990.0,2.0,4991.0,27.0,4986.5,-199.7109375
-2,63000,STARFRUIT,4983,29,,,,,4988,4,4990.0,29.0,,,4985.5,-201.1640625
-2,63100,STARFRUIT,4984,1,4983.0,24.0,,,4990,26,,,,,4987.0,-204.765625
-2,63200,STARFRUIT,4983,28,,,,,4990,28,,,,,4986.5,-212.9921875
-2,63300,STARFRUIT,4984,32,,,,,4990,2,4991.0,30.0,,,4987.0,-199.6015625
-2,63400,STARFRUIT,4988,3,4984.0,2.0,4983.0,24.0,4990,26,,,,,4989.0,-203.125
-2,63500,STARFRUIT,4984,2,4983.0,20.0,,,4990,20,,,,,4987.0,-214.2734375
-2,63600,STARFRUIT,4988,1,4983.0,21.0,,,4990,21,,,,,4989.0,-217.84375
-2,63700,STARFRUIT,4983,8,4982.0,30.0,,,4989,30,,,,,4986.0,-227.0546875
-2,63800,STARFRUIT,4982,21,,,,,4987,7,4989.0,22.0,,,4984.5,-225.8125
-2,63900,STARFRUIT,4982,21,,,,,4987,6,4989.0,21.0,,,4984.5,-229.1640625
-2,64000,STARFRUIT,4982,30,,,,,4989,30,,,,,4985.5,-237.578125
-2,64100,STARFRUIT,4982,27,,,,,4989,27,,,,,4985.5,-232.8125
-2,64200,STARFRUIT,4982,25,,,,,4988,1,4989.0,24.0,,,4985.0,-237.9453125
-2,64300,STARFRUIT,4982,23,,,,,4989,23,,,,,4985.5,-232.2109375
-2,64400,STARFRUIT,4983,4,4982.0,27.0,,,4989,29,,,,,4986.0,-222.2109375
-2,64500,STARFRUIT,4983,2,4982.0,27.0,,,4987,6,4989.0,29.0,,,4985.0,-225.1015625
-2,64600,STARFRUIT,4982,26,,,,,4989,26,,,,,4985.5,-230.25
-2,64700,STARFRUIT,4982,28,,,,,4989,28,,,,,4985.5,-228.6875
-2,64800,STARFRUIT,4983,2,4982.0,30.0,,,4989,32,,,,,4986.0,-221.6171875
-2,64900,STARFRUIT,4983,2,4982.0,29.0,,,4987,3,4989.0,31.0,,,4985.0,-221.65625
-2,65000,STARFRUIT,4983,25,,,,,4990,25,,,,,4986.5,-220.5625
-2,65100,STARFRUIT,4983,25,,,,,4989,2,4990.0,23.0,,,4986.0,-220.78125
-2,65200,STARFRUIT,4988,1,4983.0,29.0,,,4990,29,,,,,4989.0,-218.3359375
-2,65300,STARFRUIT,4983,21,,,,,4988,2,4990.0,21.0,,,4985.5,-213.3515625
-2,65400,STARFRUIT,4983,28,,,,,4986,3,4989.0,2.0,4990.0,26.0,4984.5,-218.9765625
-2,65500,STARFRUIT,4983,9,4982.0,27.0,,,4989,29,,,,,4986.0,-222.828125
-2,65600,STARFRUIT,4982,20,,,,,4989,20,,,,,4985.5,-222.4921875
-2,65700,STARFRUIT,4982,29,,,,,4989,29,,,,,4985.5,-227.8046875
-2,65800,STARFRUIT,4982,20,,,,,4987,7,4989.0,20.0,,,4984.5,-226.7421875
-2,65900,STARFRUIT,4983,6,4982.0,23.0,,,4989,24,,,,,4986.0,-222.4921875
-2,66000,STARFRUIT,4983,2,4982.0,22.0,,,4989,24,,,,,4986.0,-222.6796875
-2,66100,STARFRUIT,4982,27,,,,,4989,27,,,,,4985.5,-227.4921875
-2,66200,STARFRUIT,4985,5,4982.0,20.0,,,4989,20,,,,,4987.0,-233.6875
-2,66300,STARFRUIT,4988,1,4984.0,2.0,4983.0,25.0,4989,1,4990.0,24.0,,,4988.5,-219.7890625
-2,66400,STARFRUIT,4983,21,,,,,4990,21,,,,,4986.5,-212.828125
-2,66500,STARFRUIT,4983,2,4982.0,20.0,,,4989,22,,,,,4986.0,-221.734375
-2,66600,STARFRUIT,4982,22,,,,,4987,3,4989.0,22.0,,,4984.5,-228.4296875
-2,66700,STARFRUIT,4983,27,,,,,4990,27,,,,,4986.5,-213.5625
-2,66800,STARFRUIT,4983,30,,,,,4990,30,,,,,4986.5,-201.5625
-2,66900,STARFRUIT,4989,1,4985.0,4.0,4984.0,23.0,4991,23,,,,,4990.0,-200.5625
-2,67000,STARFRUIT,4984,25,,,,,4991,25,,,,,4987.5,-191.3828125
-2,67100,STARFRUIT,4983,23,,,,,4990,23,,,,,4986.5,-203.21875
-2,67200,STARFRUIT,4984,1,4983.0,20.0,,,4990,22,,,,,4987.0,-203.21875
-2,67300,STARFRUIT,4985,1,4984.0,30.0,,,4991,30,,,,,4988.0,-197.34375
-2,67400,STARFRUIT,4983,26,,,,,4990,26,,,,,4986.5,-212.140625
-2,67500,STARFRUIT,4983,20,,,,,4990,21,,,,,4986.5,-218.3828125
-2,67600,STARFRUIT,4983,27,,,,,4990,27,,,,,4986.5,-212.1796875
-2,67700,STARFRUIT,4984,4,4983.0,29.0,,,4990,30,,,,,4987.0,-203.1953125
-2,67800,STARFRUIT,4984,8,4983.0,30.0,,,4990,30,,,,,4987.0,-207.9375
-2,67900,STARFRUIT,4983,25,,,,,4990,25,,,,,4986.5,-205.6484375
-2,68000,STARFRUIT,4984,23,,,,,4991,23,,,,,4987.5,-192.9375
-2,68100,STARFRUIT,4984,31,,,,,4989,4,4990.0,2.0,4991.0,29.0,4986.5,-195.9921875
-2,68200,STARFRUIT,4989,1,4983.0,31.0,,,4990,31,,,,,4989.5,-206.609375
-2,68300,STARFRUIT,4989,1,4983.0,29.0,,,4990,29,,,,,4989.5,-207.1015625
-2,68400,STARFRUIT,4983,28,,,,,4990,28,,,,,4986.5,-210.25
-2,68500,STARFRUIT,4984,23,,,,,4991,23,,,,,4987.5,-199.921875
-2,68600,STARFRUIT,4984,24,,,,,4990,1,4991.0,24.0,,,4987.0,-198.6640625
-2,68700,STARFRUIT,4984,1,4983.0,27.0,,,4990,28,,,,,4987.0,-205.0546875
-2,68800,STARFRUIT,4984,22,,,,,4991,22,,,,,4987.5,-185.9921875
-2,68900,STARFRUIT,4990,1,4984.0,28.0,,,4991,28,,,,,4990.5,-189.984375
-2,69000,STARFRUIT,4984,30,,,,,4991,30,,,,,4987.5,-186.2421875
-2,69100,STARFRUIT,4985,31,,,,,4986,1,4991.0,31.0,,,4985.5,-180.8828125
-2,69200,STARFRUIT,4990,1,4989.0,2.0,4985.0,30.0,4992,30,,,,,4991.0,-174.671875
-2,69300,STARFRUIT,4990,1,4985.0,21.0,,,4992,21,,,,,4991.0,-173.3046875
-2,69400,STARFRUIT,4985,26,,,,,4992,26,,,,,4988.5,-168.65625
-2,69500,STARFRUIT,4986,6,4985.0,26.0,,,4992,26,,,,,4989.0,-169.2109375
-2,69600,STARFRUIT,4985,22,,,,,4992,23,,,,,4988.5,-180.515625
-2,69700,STARFRUIT,4985,1,4984.0,20.0,,,4991,21,,,,,4988.0,-182.28125
-2,69800,STARFRUIT,4985,1,4984.0,23.0,,,4991,24,,,,,4988.0,-183.875
-2,69900,STARFRUIT,4985,2,4984.0,27.0,,,4991,29,,,,,4988.0,-185.296875
-2,70000,STARFRUIT,4985,2,4984.0,27.0,,,4991,29,,,,,4988.0,-184.234375
-2,70100,STARFRUIT,4984,24,,,,,4985,1,4991.0,24.0,,,4984.5,-189.2109375
-2,70200,STARFRUIT,4985,22,,,,,4991,1,4992.0,21.0,,,4988.0,-178.71875
-2,70300,STARFRUIT,4985,26,,,,,4992,26,,,,,4988.5,-166.2734375
-2,70400,STARFRUIT,4984,26,,,,,4989,6,4991.0,26.0,,,4986.5,-183.78125
-2,70500,STARFRUIT,4984,23,,,,,4987,3,4989.0,3.0,4991.0,23.0,4985.5,-183.7265625
-2,70600,STARFRUIT,4985,6,4984.0,28.0,,,4991,28,,,,,4988.0,-189.390625
-2,70700,STARFRUIT,4983,26,,,,,4990,26,,,,,4986.5,-210.125
-2,70800,STARFRUIT,4983,27,,,,,4984,1,4990.0,27.0,,,4983.5,-206.8671875
-2,70900,STARFRUIT,4983,32,,,,,4990,32,,,,,4986.5,-211.8125
-2,71000,STARFRUIT,4983,30,,,,,4990,30,,,,,4986.5,-214.8125
-2,71100,STARFRUIT,4983,22,,,,,4989,1,4990.0,21.0,,,4986.0,-220.0
-2,71200,STARFRUIT,4983,28,,,,,4990,29,,,,,4986.5,-211.3828125
-2,71300,STARFRUIT,4984,2,4983.0,26.0,,,4988,4,4990.0,28.0,,,4986.0,-201.546875
-2,71400,STARFRUIT,4984,26,,,,,4990,2,4991.0,24.0,,,4987.0,-199.359375
-2,71500,STARFRUIT,4984,28,,,,,4985,3,4991.0,28.0,,,4984.5,-193.875
-2,71600,STARFRUIT,4984,28,,,,,4991,28,,,,,4987.5,-194.78125
-2,71700,STARFRUIT,4984,31,,,,,4989,4,4991.0,31.0,,,4986.5,-193.6875
-2,71800,STARFRUIT,4984,27,,,,,4990,2,4991.0,25.0,,,4987.0,-199.59375
-2,71900,STARFRUIT,4984,26,,,,,4990,1,4991.0,25.0,,,4987.0,-199.34375
-2,72000,STARFRUIT,4984,1,4983.0,20.0,,,4988,6,4990.0,21.0,,,4986.0,-205.0234375
-2,72100,STARFRUIT,4983,21,,,,,4988,5,4990.0,21.0,,,4985.5,-202.078125
-2,72200,STARFRUIT,4988,3,4984.0,31.0,,,4991,31,,,,,4989.5,-195.515625
-2,72300,STARFRUIT,4984,23,,,,,4991,23,,,,,4987.5,-193.0625
-2,72400,STARFRUIT,4985,2,4984.0,20.0,,,4989,6,4991.0,22.0,,,4987.0,-183.6640625
-2,72500,STARFRUIT,4986,9,4985.0,25.0,,,4992,27,,,,,4989.0,-162.2890625
-2,72600,STARFRUIT,4986,2,4985.0,29.0,,,4991,2,4992.0,27.0,,,4988.5,-179.0546875
-2,72700,STARFRUIT,4985,23,,,,,4992,23,,,,,4988.5,-178.9609375
-2,72800,STARFRUIT,4984,20,,,,,4991,20,,,,,4987.5,-183.5
-2,72900,STARFRUIT,4984,24,,,,,4991,24,,,,,4987.5,-187.140625
-2,73000,STARFRUIT,4984,21,,,,,4989,2,4990.0,1.0,4991.0,21.0,4986.5,-197.953125
-2,73100,STARFRUIT,4984,31,,,,,4990,2,4991.0,29.0,,,4987.0,-197.5546875
-2,73200,STARFRUIT,4984,21,,,,,4991,21,,,,,4987.5,-199.625
-2,73300,STARFRUIT,4984,1,4983.0,29.0,,,4990,30,,,,,4987.0,-204.671875
-2,73400,STARFRUIT,4983,30,,,,,4988,4,4990.0,30.0,,,4985.5,-206.703125
-2,73500,STARFRUIT,4983,25,,,,,4990,25,,,,,4986.5,-211.4296875
-2,73600,STARFRUIT,4982,25,,,,,4989,25,,,,,4985.5,-230.0625
-2,73700,STARFRUIT,4982,24,,,,,4989,24,,,,,4985.5,-221.515625
-2,73800,STARFRUIT,4982,24,,,,,4987,5,4989.0,24.0,,,4984.5,-223.953125
-2,73900,STARFRUIT,4982,30,,,,,4983,3,4989.0,30.0,,,4982.5,-231.5078125
-2,74000,STARFRUIT,4982,26,,,,,4987,3,4989.0,26.0,,,4984.5,-229.0859375
-2,74100,STARFRUIT,4985,6,4982.0,32.0,,,4989,32,,,,,4987.0,-234.3671875
-2,74200,STARFRUIT,4981,22,,,,,4988,22,,,,,4984.5,-251.65625
-2,74300,STARFRUIT,4982,7,4981.0,30.0,,,4988,32,,,,,4985.0,-244.625
-2,74400,STARFRUIT,4981,30,,,,,4988,30,,,,,4984.5,-257.9609375
-2,74500,STARFRUIT,4984,3,4981.0,29.0,,,4988,29,,,,,4986.0,-259.7109375
-2,74600,STARFRUIT,4981,29,,,,,4988,29,,,,,4984.5,-258.7734375
-2,74700,STARFRUIT,4981,32,,,,,4988,32,,,,,4984.5,-248.0703125
-2,74800,STARFRUIT,4982,26,,,,,4988,1,4989.0,25.0,,,4985.0,-238.625
-2,74900,STARFRUIT,4982,31,,,,,4988,1,4989.0,30.0,,,4985.0,-237.328125
-2,75000,STARFRUIT,4987,1,4981.0,27.0,,,4988,27,,,,,4987.5,-243.4140625
-2,75100,STARFRUIT,4981,30,,,,,4988,30,,,,,4984.5,-246.734375
-2,75200,STARFRUIT,4986,3,4982.0,26.0,,,4988,2,4989.0,24.0,,,4987.0,-238.1015625
-2,75300,STARFRUIT,4983,1,4982.0,28.0,,,4989,29,,,,,4986.0,-223.9296875
-2,75400,STARFRUIT,4983,31,,,,,4989,1,4990.0,30.0,,,4986.0,-219.625
-2,75500,STARFRUIT,4983,6,4982.0,28.0,,,4989,30,,,,,4986.0,-224.7578125
-2,75600,STARFRUIT,4983,28,,,,,4989,2,4990.0,26.0,,,4986.0,-216.59375
-2,75700,STARFRUIT,4983,27,,,,,4988,3,4989.0,1.0,4990.0,26.0,4985.5,-219.59375
-2,75800,STARFRUIT,4983,1,4982.0,29.0,,,4989,30,,,,,4986.0,-222.859375
-2,75900,STARFRUIT,4982,21,,,,,4989,21,,,,,4985.5,-225.078125
-2,76000,STARFRUIT,4983,32,,,,,4989,2,4990.0,30.0,,,4986.0,-220.4140625
-2,76100,STARFRUIT,4983,21,,,,,4989,1,4990.0,20.0,,,4986.0,-218.234375
-2,76200,STARFRUIT,4983,22,,,,,4990,22,,,,,4986.5,-210.3671875
-2,76300,STARFRUIT,4985,6,4984.0,27.0,,,4991,27,,,,,4988.0,-200.078125
-2,76400,STARFRUIT,4984,28,,,,,4991,28,,,,,4987.5,-196.015625
-2,76500,STARFRUIT,4984,6,4983.0,28.0,,,4990,28,,,,,4987.0,-214.5625
-2,76600,STARFRUIT,4982,30,,,,,4989,30,,,,,4985.5,-228.0625
-2,76700,STARFRUIT,4982,26,,,,,4987,4,4989.0,26.0,,,4984.5,-226.8203125
-2,76800,STARFRUIT,4982,25,,,,,4989,25,,,,,4985.5,-227.34375
-2,76900,STARFRUIT,4983,24,,,,,4984,4,4985.0,2.0,4990.0,24.0,4983.5,-210.2109375
-2,77000,STARFRUIT,4983,27,,,,,4990,27,,,,,4986.5,-210.4609375
-2,77100,STARFRUIT,4987,2,4986.0,3.0,4983.0,30.0,4990,30,,,,,4988.5,-211.6953125
-2,77200,STARFRUIT,4984,1,4983.0,27.0,,,4988,7,4990.0,28.0,,,4986.0,-204.2109375
-2,77300,STARFRUIT,4984,24,,,,,4991,24,,,,,4987.5,-195.765625
-2,77400,STARFRUIT,4984,30,,,,,4991,30,,,,,4987.5,-197.6484375
-2,77500,STARFRUIT,4984,30,,,,,4991,30,,,,,4987.5,-193.90625
-2,77600,STARFRUIT,4984,5,4983.0,25.0,,,4990,27,,,,,4987.0,-202.9375
-2,77700,STARFRUIT,4983,26,,,,,4990,26,,,,,4986.5,-210.4453125
-2,77800,STARFRUIT,4984,26,,,,,4989,2,4990.0,1.0,4991.0,25.0,4986.5,-200.65625
-2,77900,STARFRUIT,4984,7,4983.0,32.0,,,4990,32,,,,,4987.0,-211.859375
-2,78000,STARFRUIT,4984,7,4983.0,23.0,,,4990,23,,,,,4987.0,-204.546875
-2,78100,STARFRUIT,4984,23,,,,,4985,3,4990.0,2.0,4991.0,22.0,4984.5,-199.171875
-2,78200,STARFRUIT,4984,27,,,,,4989,2,4991.0,27.0,,,4986.5,-193.0703125
-2,78300,STARFRUIT,4984,30,,,,,4991,30,,,,,4987.5,-185.8359375
-2,78400,STARFRUIT,4984,26,,,,,4989,5,4991.0,26.0,,,4986.5,-181.359375
-2,78500,STARFRUIT,4984,23,,,,,4990,1,4991.0,22.0,,,4987.0,-198.40625
-2,78600,STARFRUIT,4983,22,,,,,4990,22,,,,,4986.5,-206.3984375
-2,78700,STARFRUIT,4983,32,,,,,4984,2,4990.0,32.0,,,4983.5,-211.1953125
-2,78800,STARFRUIT,4984,4,4983.0,23.0,,,4990,23,,,,,4987.0,-203.9375
-2,78900,STARFRUIT,4988,1,4983.0,26.0,,,4990,26,,,,,4989.0,-212.921875
-2,79000,STARFRUIT,4983,28,,,,,4984,3,4988.0,3.0,4990.0,28.0,4983.5,-218.5390625
-2,79100,STARFRUIT,4982,23,,,,,4989,24,,,,,4985.5,-221.4375
-2,79200,STARFRUIT,4983,21,,,,,4985,5,4988.0,2.0,4990.0,21.0,4984.0,-210.9921875
-2,79300,STARFRUIT,4983,5,4982.0,29.0,,,4989,30,,,,,4986.0,-222.453125
-2,79400,STARFRUIT,4982,27,,,,,4989,28,,,,,4985.5,-233.234375
-2,79500,STARFRUIT,4982,26,,,,,4989,26,,,,,4985.5,-228.265625
-2,79600,STARFRUIT,4981,25,,,,,4988,25,,,,,4984.5,-245.171875
-2,79700,STARFRUIT,4981,24,,,,,4988,24,,,,,4984.5,-242.546875
-2,79800,STARFRUIT,4981,21,,,,,4986,8,4988.0,21.0,,,4983.5,-246.1640625
-2,79900,STARFRUIT,4981,29,,,,,4987,1,4988.0,29.0,,,4984.0,-258.71875
-2,80000,STARFRUIT,4981,2,4980.0,30.0,,,4987,32,,,,,4984.0,-262.0625
-2,80100,STARFRUIT,4985,4,4980.0,29.0,,,4987,29,,,,,4986.0,-270.046875
-2,80200,STARFRUIT,4980,28,,,,,4987,28,,,,,4983.5,-268.7265625
-2,80300,STARFRUIT,4981,1,4980.0,26.0,,,4987,27,,,,,4984.0,-265.8515625
-2,80400,STARFRUIT,4981,26,,,,,4988,26,,,,,4984.5,-254.0390625
-2,80500,STARFRUIT,4981,28,,,,,4984,6,4988.0,28.0,,,4982.5,-254.15625
-2,80600,STARFRUIT,4985,4,4981.0,26.0,,,4988,26,,,,,4986.5,-253.375
-2,80700,STARFRUIT,4981,31,,,,,4987,1,4988.0,30.0,,,4984.0,-257.96875
-2,80800,STARFRUIT,4986,1,4982.0,5.0,4981.0,30.0,4987,1,4988.0,29.0,,,4986.5,-258.1796875
-2,80900,STARFRUIT,4982,4,4981.0,21.0,,,4988,21,,,,,4985.0,-249.859375
-2,81000,STARFRUIT,4980,29,,,,,4987,29,,,,,4983.5,-265.171875
-2,81100,STARFRUIT,4986,1,4981.0,26.0,,,4987,1,4988.0,25.0,,,4986.5,-259.953125
-2,81200,STARFRUIT,4986,1,4980.0,22.0,,,4987,22,,,,,4986.5,-264.2109375
-2,81300,STARFRUIT,4981,1,4980.0,30.0,,,4987,31,,,,,4984.0,-263.6484375
-2,81400,STARFRUIT,4981,26,,,,,4985,7,4987.0,26.0,,,4983.0,-261.078125
-2,81500,STARFRUIT,4982,6,4981.0,25.0,,,4988,25,,,,,4985.0,-254.34375
-2,81600,STARFRUIT,4981,26,,,,,4988,26,,,,,4984.5,-252.46875
-2,81700,STARFRUIT,4982,6,4981.0,24.0,,,4988,24,,,,,4985.0,-255.6015625
-2,81800,STARFRUIT,4981,25,,,,,4988,25,,,,,4984.5,-253.140625
-2,81900,STARFRUIT,4981,30,,,,,4988,30,,,,,4984.5,-253.0625
-2,82000,STARFRUIT,4981,22,,,,,4988,22,,,,,4984.5,-254.703125
-2,82100,STARFRUIT,4981,27,,,,,4988,27,,,,,4984.5,-253.09375
-2,82200,STARFRUIT,4982,2,4981.0,23.0,,,4988,25,,,,,4985.0,-246.1640625
-2,82300,STARFRUIT,4982,2,4981.0,26.0,,,4988,28,,,,,4985.0,-245.078125
-2,82400,STARFRUIT,4982,1,4981.0,20.0,,,4988,21,,,,,4985.0,-243.859375
-2,82500,STARFRUIT,4981,22,,,,,4988,23,,,,,4984.5,-254.109375
-2,82600,STARFRUIT,4981,27,,,,,4982,3,4986.0,7.0,4988.0,27.0,4981.5,-255.1328125
-2,82700,STARFRUIT,4980,22,,,,,4987,22,,,,,4983.5,-269.8984375
-2,82800,STARFRUIT,4981,2,4980.0,20.0,,,4987,22,,,,,4984.0,-264.203125
-2,82900,STARFRUIT,4980,21,,,,,4987,21,,,,,4983.5,-271.671875
-2,83000,STARFRUIT,4981,1,4980.0,24.0,,,4987,25,,,,,4984.0,-261.3984375
-2,83100,STARFRUIT,4983,4,4982.0,29.0,,,4988,2,4989.0,27.0,,,4985.5,-237.640625
-2,83200,STARFRUIT,4982,27,,,,,4988,27,,,,,4985.0,-240.8125
-2,83300,STARFRUIT,4982,26,,,,,4989,26,,,,,4985.5,-230.265625
-2,83400,STARFRUIT,4982,28,,,,,4989,28,,,,,4985.5,-227.078125
-2,83500,STARFRUIT,4982,27,,,,,4989,27,,,,,4985.5,-231.515625
-2,83600,STARFRUIT,4982,23,,,,,4988,1,4989.0,22.0,,,4985.0,-238.21875
-2,83700,STARFRUIT,4982,24,,,,,4989,25,,,,,4985.5,-233.765625
-2,83800,STARFRUIT,4983,2,4982.0,28.0,,,4989,30,,,,,4986.0,-222.703125
-2,83900,STARFRUIT,4983,27,,,,,4990,27,,,,,4986.5,-219.90625
-2,84000,STARFRUIT,4987,1,4983.0,4.0,4982.0,25.0,4989,25,,,,,4988.0,-231.9375
-2,84100,STARFRUIT,4982,21,,,,,4988,1,4989.0,20.0,,,4985.0,-240.2265625
-2,84200,STARFRUIT,4982,7,4981.0,27.0,,,4988,29,,,,,4985.0,-242.0546875
-2,84300,STARFRUIT,4982,32,,,,,4989,32,,,,,4985.5,-231.296875
-2,84400,STARFRUIT,4982,20,,,,,4989,20,,,,,4985.5,-229.0546875
-2,84500,STARFRUIT,4983,4,4982.0,24.0,,,4989,24,,,,,4986.0,-226.46875
-2,84600,STARFRUIT,4988,1,4983.0,25.0,,,4989,2,4990.0,23.0,,,4988.5,-216.8671875
-2,84700,STARFRUIT,4983,30,,,,,4989,1,4990.0,29.0,,,4986.0,-218.5078125
-2,84800,STARFRUIT,4984,3,4983.0,30.0,,,4989,2,4990.0,28.0,,,4986.5,-219.234375
-2,84900,STARFRUIT,4983,29,,,,,4988,1,4990.0,29.0,,,4985.5,-220.6953125
-2,85000,STARFRUIT,4982,24,,,,,4989,24,,,,,4985.5,-234.8359375
-2,85100,STARFRUIT,4982,26,,,,,4989,26,,,,,4985.5,-231.1484375
-2,85200,STARFRUIT,4982,24,,,,,4989,24,,,,,4985.5,-227.890625
-2,85300,STARFRUIT,4984,2,4983.0,23.0,,,4989,1,4990.0,22.0,,,4986.5,-220.15625
-2,85400,STARFRUIT,4983,4,4982.0,22.0,,,4989,22,,,,,4986.0,-229.625
-2,85500,STARFRUIT,4982,30,,,,,4988,2,4989.0,28.0,,,4985.0,-236.125
-2,85600,STARFRUIT,4987,4,4983.0,7.0,4982.0,22.0,4989,22,,,,,4988.0,-228.71875
-2,85700,STARFRUIT,4982,28,,,,,4989,28,,,,,4985.5,-226.1640625
-2,85800,STARFRUIT,4983,30,,,,,4986,6,4990.0,31.0,,,4984.5,-215.2578125
-2,85900,STARFRUIT,4983,1,4982.0,30.0,,,4989,31,,,,,4986.0,-222.1328125
-2,86000,STARFRUIT,4986,5,4983.0,26.0,,,4989,2,4990.0,24.0,,,4987.5,-220.546875
-2,86100,STARFRUIT,4983,1,4982.0,26.0,,,4989,27,,,,,4986.0,-225.9375
-2,86200,STARFRUIT,4983,1,4982.0,23.0,,,4984,3,4989.0,24.0,,,4983.5,-223.4921875
-2,86300,STARFRUIT,4982,28,,,,,4989,28,,,,,4985.5,-227.359375
-2,86400,STARFRUIT,4983,4,4982.0,30.0,,,4989,31,,,,,4986.0,-223.1171875
-2,86500,STARFRUIT,4983,27,,,,,4990,27,,,,,4986.5,-214.546875
-2,86600,STARFRUIT,4983,25,,,,,4988,1,4990.0,25.0,,,4985.5,-209.1953125
-2,86700,STARFRUIT,4985,1,4982.0,21.0,,,4987,3,4989.0,21.0,,,4986.0,-223.578125
-2,86800,STARFRUIT,4983,25,,,,,4989,1,4990.0,24.0,,,4986.0,-216.1171875
-2,86900,STARFRUIT,4987,2,4983.0,21.0,,,4990,21,,,,,4988.5,-212.578125
-2,87000,STARFRUIT,4983,22,,,,,4989,22,,,,,4986.0,-220.8828125
-2,87100,STARFRUIT,4983,4,4982.0,21.0,,,4989,21,,,,,4986.0,-227.9375
-2,87200,STARFRUIT,4982,28,,,,,4989,28,,,,,4985.5,-227.8828125
-2,87300,STARFRUIT,4983,2,4982.0,30.0,,,4989,32,,,,,4986.0,-223.34375
-2,87400,STARFRUIT,4982,28,,,,,4983,1,4989.0,28.0,,,4982.5,-226.9453125
-2,87500,STARFRUIT,4982,30,,,,,4989,30,,,,,4985.5,-239.84375
-2,87600,STARFRUIT,4982,23,,,,,4989,23,,,,,4985.5,-237.6328125
-2,87700,STARFRUIT,4982,20,,,,,4989,21,,,,,4985.5,-236.296875
-2,87800,STARFRUIT,4983,27,,,,,4990,27,,,,,4986.5,-216.921875
-2,87900,STARFRUIT,4982,24,,,,,4989,24,,,,,4985.5,-227.171875
-2,88000,STARFRUIT,4983,27,,,,,4990,27,,,,,4986.5,-207.1328125
-2,88100,STARFRUIT,4984,27,,,,,4991,27,,,,,4987.5,-193.28125
-2,88200,STARFRUIT,4985,8,4984.0,24.0,,,4991,24,,,,,4988.0,-190.890625
-2,88300,STARFRUIT,4985,24,,,,,4991,1,4992.0,24.0,,,4988.0,-177.71875
-2,88400,STARFRUIT,4985,30,,,,,4990,8,4992.0,30.0,,,4987.5,-176.96875
-2,88500,STARFRUIT,4985,28,,,,,4992,28,,,,,4988.5,-169.2109375
-2,88600,STARFRUIT,4985,23,,,,,4986,2,4988.0,5.0,4992.0,23.0,4985.5,-175.0625
-2,88700,STARFRUIT,4985,25,,,,,4990,4,4992.0,25.0,,,4987.5,-174.4375
-2,88800,STARFRUIT,4985,2,4984.0,28.0,,,4986,2,4991.0,30.0,,,4985.5,-182.5234375
-2,88900,STARFRUIT,4984,24,,,,,4991,25,,,,,4987.5,-195.0625
-2,89000,STARFRUIT,4984,22,,,,,4989,3,4990.0,2.0,4991.0,20.0,4986.5,-197.2421875
-2,89100,STARFRUIT,4984,7,4983.0,26.0,,,4990,27,,,,,4987.0,-202.484375
-2,89200,STARFRUIT,4984,28,,,,,4989,5,4990.0,1.0,4991.0,27.0,4986.5,-197.953125
-2,89300,STARFRUIT,4984,28,,,,,4991,28,,,,,4987.5,-187.8671875
-2,89400,STARFRUIT,4984,20,,,,,4991,20,,,,,4987.5,-189.234375
-2,89500,STARFRUIT,4984,31,,,,,4991,31,,,,,4987.5,-188.7734375
-2,89600,STARFRUIT,4984,25,,,,,4989,6,4991.0,25.0,,,4986.5,-187.296875
-2,89700,STARFRUIT,4985,1,4984.0,30.0,,,4990,2,4991.0,28.0,,,4987.5,-200.6484375
-2,89800,STARFRUIT,4984,23,,,,,4991,24,,,,,4987.5,-198.53125
-2,89900,STARFRUIT,4984,23,,,,,4991,23,,,,,4987.5,-198.453125
-2,90000,STARFRUIT,4984,29,,,,,4990,1,4991.0,28.0,,,4987.0,-198.84375
-2,90100,STARFRUIT,4984,8,4983.0,28.0,,,4990,28,,,,,4987.0,-207.6015625
-2,90200,STARFRUIT,4983,4,4982.0,23.0,,,4989,23,,,,,4986.0,-223.359375
-2,90300,STARFRUIT,4983,2,4982.0,21.0,,,4989,23,,,,,4986.0,-225.3671875
-2,90400,STARFRUIT,4983,8,4982.0,26.0,,,4989,28,,,,,4986.0,-222.875
-2,90500,STARFRUIT,4983,26,,,,,4990,26,,,,,4986.5,-212.234375
-2,90600,STARFRUIT,4984,1,4983.0,22.0,,,4990,23,,,,,4987.0,-203.2578125
-2,90700,STARFRUIT,4984,26,,,,,4991,26,,,,,4987.5,-191.7109375
-2,90800,STARFRUIT,4984,25,,,,,4991,25,,,,,4987.5,-188.78125
-2,90900,STARFRUIT,4990,1,4985.0,25.0,,,4992,25,,,,,4991.0,-179.609375
-2,91000,STARFRUIT,4990,1,4984.0,30.0,,,4991,30,,,,,4990.5,-181.265625
-2,91100,STARFRUIT,4985,23,,,,,4991,2,4992.0,21.0,,,4988.0,-176.28125
-2,91200,STARFRUIT,4985,22,,,,,4992,22,,,,,4988.5,-168.890625
-2,91300,STARFRUIT,4987,3,4986.0,20.0,,,4993,20,,,,,4990.0,-147.5234375
-2,91400,STARFRUIT,4987,1,4986.0,20.0,,,4993,21,,,,,4990.0,-145.609375
-2,91500,STARFRUIT,4986,23,,,,,4993,23,,,,,4989.5,-155.75
-2,91600,STARFRUIT,4989,2,4986.0,27.0,,,4993,27,,,,,4991.0,-144.8125
-2,91700,STARFRUIT,4991,1,4990.0,4.0,4986.0,30.0,4993,30,,,,,4992.0,-151.1171875
-2,91800,STARFRUIT,4991,1,4986.0,26.0,,,4993,26,,,,,4992.0,-151.6171875
-2,91900,STARFRUIT,4989,3,4986.0,30.0,,,4993,30,,,,,4991.0,-153.96875
-2,92000,STARFRUIT,4985,28,,,,,4990,1,4992.0,28.0,,,4987.5,-161.203125
-2,92100,STARFRUIT,4986,28,,,,,4993,28,,,,,4989.5,-150.609375
-2,92200,STARFRUIT,4987,1,4986.0,22.0,,,4993,23,,,,,4990.0,-145.8828125
-2,92300,STARFRUIT,4986,26,,,,,4993,26,,,,,4989.5,-150.765625
-2,92400,STARFRUIT,4986,25,,,,,4993,25,,,,,4989.5,-150.2265625
-2,92500,STARFRUIT,4986,23,,,,,4993,23,,,,,4989.5,-153.6875
-2,92600,STARFRUIT,4992,1,4986.0,25.0,,,4993,25,,,,,4992.5,-148.8125
-2,92700,STARFRUIT,4987,4,4986.0,29.0,,,4993,29,,,,,4990.0,-151.84375
-2,92800,STARFRUIT,4986,22,,,,,4992,2,4993.0,20.0,,,4989.0,-157.953125
-2,92900,STARFRUIT,4986,1,4985.0,26.0,,,4992,27,,,,,4989.0,-163.09375
-2,93000,STARFRUIT,4986,7,4985.0,20.0,,,4992,20,,,,,4989.0,-166.578125
-2,93100,STARFRUIT,4990,3,4986.0,1.0,4985.0,21.0,4992,22,,,,,4991.0,-164.2890625
-2,93200,STARFRUIT,4985,21,,,,,4990,2,4992.0,21.0,,,4987.5,-171.6171875
-2,93300,STARFRUIT,4990,1,4985.0,29.0,,,4992,29,,,,,4991.0,-172.3359375
-2,93400,STARFRUIT,4985,29,,,,,4992,29,,,,,4988.5,-168.828125
-2,93500,STARFRUIT,4989,2,4986.0,26.0,,,4991,6,4993.0,26.0,,,4990.0,-150.2578125
-2,93600,STARFRUIT,4987,6,4986.0,27.0,,,4993,29,,,,,4990.0,-143.46875
-2,93700,STARFRUIT,4985,25,,,,,4992,25,,,,,4988.5,-167.2109375
-2,93800,STARFRUIT,4986,5,4985.0,30.0,,,4992,30,,,,,4989.0,-171.28125
-2,93900,STARFRUIT,4986,3,4985.0,28.0,,,4992,28,,,,,4989.0,-174.453125
-2,94000,STARFRUIT,4985,31,,,,,4992,31,,,,,4988.5,-171.9296875
-2,94100,STARFRUIT,4987,3,4986.0,30.0,,,4993,30,,,,,4990.0,-159.46875
-2,94200,STARFRUIT,4986,22,,,,,4993,22,,,,,4989.5,-153.5859375
-2,94300,STARFRUIT,4986,1,4985.0,26.0,,,4992,26,,,,,4989.0,-171.90625
-2,94400,STARFRUIT,4985,29,,,,,4992,29,,,,,4988.5,-169.484375
-2,94500,STARFRUIT,4985,25,,,,,4992,25,,,,,4988.5,-168.640625
-2,94600,STARFRUIT,4985,22,,,,,4992,22,,,,,4988.5,-165.375
-2,94700,STARFRUIT,4986,21,,,,,4991,6,4993.0,21.0,,,4988.5,-154.5859375
-2,94800,STARFRUIT,4986,1,4985.0,27.0,,,4990,1,4992.0,28.0,,,4988.0,-163.2734375
-2,94900,STARFRUIT,4986,27,,,,,4993,27,,,,,4989.5,-154.515625
-2,95000,STARFRUIT,4991,1,4985.0,22.0,,,4992,22,,,,,4991.5,-167.6875
-2,95100,STARFRUIT,4985,25,,,,,4992,25,,,,,4988.5,-167.296875
-2,95200,STARFRUIT,4986,2,4985.0,28.0,,,4992,30,,,,,4989.0,-164.2890625
-2,95300,STARFRUIT,4986,24,,,,,4993,24,,,,,4989.5,-146.140625
-2,95400,STARFRUIT,4986,21,,,,,4993,21,,,,,4989.5,-151.7421875
-2,95500,STARFRUIT,4986,2,4985.0,25.0,,,4992,27,,,,,4989.0,-165.21875
-2,95600,STARFRUIT,4986,29,,,,,4993,30,,,,,4989.5,-159.78125
-2,95700,STARFRUIT,4986,2,4985.0,21.0,,,4990,6,4992.0,23.0,,,4988.0,-165.0546875
-2,95800,STARFRUIT,4987,5,4986.0,21.0,,,4993,21,,,,,4990.0,-152.6328125
-2,95900,STARFRUIT,4986,23,,,,,4991,8,4992.0,1.0,4993.0,22.0,4988.5,-158.2734375
-2,96000,STARFRUIT,4986,1,4985.0,23.0,,,4992,24,,,,,4989.0,-165.265625
-2,96100,STARFRUIT,4986,23,,,,,4993,23,,,,,4989.5,-155.390625
-2,96200,STARFRUIT,4986,25,,,,,4993,26,,,,,4989.5,-154.734375
-2,96300,STARFRUIT,4986,27,,,,,4987,1,4993.0,27.0,,,4986.5,-146.78125
-2,96400,STARFRUIT,4986,30,,,,,4993,30,,,,,4989.5,-158.1796875
-2,96500,STARFRUIT,4987,1,4986.0,28.0,,,4993,29,,,,,4990.0,-145.0625
-2,96600,STARFRUIT,4986,24,,,,,4993,24,,,,,4989.5,-149.7578125
-2,96700,STARFRUIT,4987,2,4986.0,30.0,,,4993,32,,,,,4990.0,-143.2578125
-2,96800,STARFRUIT,4987,7,4986.0,27.0,,,4993,27,,,,,4990.0,-151.265625
-2,96900,STARFRUIT,4986,1,4985.0,25.0,,,4992,26,,,,,4989.0,-163.609375
-2,97000,STARFRUIT,4986,2,4985.0,26.0,,,4992,28,,,,,4989.0,-165.671875
-2,97100,STARFRUIT,4985,28,,,,,4990,5,4992.0,28.0,,,4987.5,-164.296875
-2,97200,STARFRUIT,4986,23,,,,,4989,3,4993.0,23.0,,,4987.5,-151.78125
-2,97300,STARFRUIT,4986,25,,,,,4987,1,4993.0,25.0,,,4986.5,-149.0078125
-2,97400,STARFRUIT,4986,27,,,,,4993,27,,,,,4989.5,-143.3359375
-2,97500,STARFRUIT,4988,3,4987.0,24.0,,,4993,2,4994.0,22.0,,,4990.5,-138.109375
-2,97600,STARFRUIT,4988,31,,,,,4993,7,4995.0,31.0,,,4990.5,-113.390625
-2,97700,STARFRUIT,4988,22,,,,,4993,2,4995.0,22.0,,,4990.5,-119.9140625
-2,97800,STARFRUIT,4988,27,,,,,4993,1,4995.0,27.0,,,4990.5,-109.9453125
-2,97900,STARFRUIT,4988,25,,,,,4995,26,,,,,4991.5,-111.15625
-2,98000,STARFRUIT,4988,24,,,,,4995,24,,,,,4991.5,-109.09375
-2,98100,STARFRUIT,4988,29,,,,,4995,29,,,,,4991.5,-113.4609375
-2,98200,STARFRUIT,4989,1,4988.0,25.0,,,4995,26,,,,,4992.0,-104.234375
-2,98300,STARFRUIT,4992,2,4989.0,2.0,4988.0,29.0,4995,29,,,,,4993.5,-114.21875
-2,98400,STARFRUIT,4987,30,,,,,4992,7,4994.0,30.0,,,4989.5,-124.7578125
-2,98500,STARFRUIT,4987,31,,,,,4994,31,,,,,4990.5,-126.4296875
-2,98600,STARFRUIT,4987,28,,,,,4994,28,,,,,4990.5,-135.65625
-2,98700,STARFRUIT,4987,29,,,,,4994,29,,,,,4990.5,-130.0703125
-2,98800,STARFRUIT,4993,1,4988.0,1.0,4987.0,23.0,4994,24,,,,,4993.5,-122.7578125
-2,98900,STARFRUIT,4987,26,,,,,4994,26,,,,,4990.5,-128.765625
-2,99000,STARFRUIT,4987,25,,,,,4992,4,4994.0,26.0,,,4989.5,-122.546875
-2,99100,STARFRUIT,4988,6,4987.0,25.0,,,4994,25,,,,,4991.0,-127.828125
-2,99200,STARFRUIT,4988,5,4987.0,22.0,,,4994,22,,,,,4991.0,-128.1953125
-2,99300,STARFRUIT,4993,1,4987.0,27.0,,,4994,27,,,,,4993.5,-128.15625
-2,99400,STARFRUIT,4988,26,,,,,4995,26,,,,,4991.5,-113.25
-2,99500,STARFRUIT,4988,24,,,,,4995,24,,,,,4991.5,-113.265625
-2,99600,STARFRUIT,4989,4,4988.0,28.0,,,4995,28,,,,,4992.0,-120.5390625
-2,99700,STARFRUIT,4987,30,,,,,4994,30,,,,,4990.5,-127.859375
-2,99800,STARFRUIT,4988,28,,,,,4994,1,4995.0,27.0,,,4991.0,-118.328125
-2,99900,STARFRUIT,4987,28,,,,,4994,29,,,,,4990.5,-131.6171875
-2,100000,STARFRUIT,4987,24,,,,,4992,5,4994.0,24.0,,,4989.5,-135.375
-2,100100,STARFRUIT,4987,29,,,,,4994,29,,,,,4990.5,-138.4140625
-2,100200,STARFRUIT,4986,23,,,,,4991,1,4992.0,1.0,4993.0,22.0,4988.5,-157.9140625
-2,100300,STARFRUIT,4986,1,4985.0,30.0,,,4992,31,,,,,4989.0,-161.65625
-2,100400,STARFRUIT,4986,30,,,,,4993,30,,,,,4989.5,-153.703125
-2,100500,STARFRUIT,4986,22,,,,,4993,22,,,,,4989.5,-151.890625
-2,100600,STARFRUIT,4986,29,,,,,4991,1,4992.0,1.0,4993.0,28.0,4988.5,-159.0625
-2,100700,STARFRUIT,4986,31,,,,,4993,31,,,,,4989.5,-153.59375
-2,100800,STARFRUIT,4987,7,4986.0,28.0,,,4993,28,,,,,4990.0,-149.5078125
-2,100900,STARFRUIT,4987,27,,,,,4988,8,4994.0,27.0,,,4987.5,-133.421875
-2,101000,STARFRUIT,4988,1,4987.0,30.0,,,4994,30,,,,,4991.0,-139.34375
-2,101100,STARFRUIT,4987,5,4986.0,21.0,,,4993,22,,,,,4990.0,-142.4453125
-2,101200,STARFRUIT,4986,26,,,,,4987,1,4993.0,26.0,,,4986.5,-142.140625
-2,101300,STARFRUIT,4987,1,4986.0,26.0,,,4993,27,,,,,4990.0,-143.2578125
-2,101400,STARFRUIT,4986,22,,,,,4991,5,4993.0,22.0,,,4988.5,-142.578125
-2,101500,STARFRUIT,4989,5,4987.0,2.0,4986.0,20.0,4993,22,,,,,4991.0,-143.4609375
-2,101600,STARFRUIT,4986,27,,,,,4987,1,4988.0,5.0,4993.0,27.0,4986.5,-149.0
-2,101700,STARFRUIT,4985,27,,,,,4992,27,,,,,4988.5,-161.7734375
-2,101800,STARFRUIT,4985,26,,,,,4992,26,,,,,4988.5,-166.2421875
-2,101900,STARFRUIT,4985,23,,,,,4990,6,4991.0,2.0,4992.0,21.0,4987.5,-177.3359375
-2,102000,STARFRUIT,4985,1,4984.0,29.0,,,4991,30,,,,,4988.0,-185.703125
-2,102100,STARFRUIT,4984,24,,,,,4991,24,,,,,4987.5,-190.078125
-2,102200,STARFRUIT,4984,30,,,,,4989,7,4991.0,30.0,,,4986.5,-186.109375
-2,102300,STARFRUIT,4988,4,4985.0,25.0,,,4991,1,4992.0,24.0,,,4989.5,-179.375
-2,102400,STARFRUIT,4984,23,,,,,4991,23,,,,,4987.5,-187.703125
-2,102500,STARFRUIT,4985,2,4984.0,27.0,,,4991,29,,,,,4988.0,-185.359375
-2,102600,STARFRUIT,4985,25,,,,,4991,2,4992.0,23.0,,,4988.0,-179.078125
-2,102700,STARFRUIT,4985,21,,,,,4992,21,,,,,4988.5,-179.546875
-2,102800,STARFRUIT,4984,28,,,,,4991,28,,,,,4987.5,-192.71875
-2,102900,STARFRUIT,4988,4,4984.0,4.0,4983.0,28.0,4990,28,,,,,4989.0,-209.9921875
-2,103000,STARFRUIT,4984,1,4983.0,30.0,,,4988,4,4990.0,31.0,,,4986.0,-203.84375
-2,103100,STARFRUIT,4989,1,4984.0,27.0,,,4990,1,4991.0,26.0,,,4989.5,-196.71875
-2,103200,STARFRUIT,4985,6,4984.0,27.0,,,4991,27,,,,,4988.0,-194.6875
-2,103300,STARFRUIT,4984,9,4983.0,25.0,,,4990,26,,,,,4987.0,-203.25
-2,103400,STARFRUIT,4984,31,,,,,4987,5,4991.0,32.0,,,4985.5,-191.890625
-2,103500,STARFRUIT,4985,9,4984.0,27.0,,,4991,28,,,,,4988.0,-182.421875
-2,103600,STARFRUIT,4985,2,4984.0,25.0,,,4991,27,,,,,4988.0,-182.9921875
-2,103700,STARFRUIT,4985,1,4984.0,24.0,,,4991,25,,,,,4988.0,-184.96875
-2,103800,STARFRUIT,4984,26,,,,,4989,7,4991.0,26.0,,,4986.5,-200.734375
-2,103900,STARFRUIT,4984,24,,,,,4991,24,,,,,4987.5,-194.9765625
-2,104000,STARFRUIT,4989,1,4983.0,27.0,,,4990,27,,,,,4989.5,-208.0234375
-2,104100,STARFRUIT,4984,1,4983.0,27.0,,,4990,28,,,,,4987.0,-202.828125
-2,104200,STARFRUIT,4984,23,,,,,4989,7,4990.0,1.0,4991.0,23.0,4986.5,-197.25
-2,104300,STARFRUIT,4984,21,,,,,4991,22,,,,,4987.5,-196.734375
-2,104400,STARFRUIT,4985,1,4984.0,28.0,,,4991,29,,,,,4988.0,-184.3984375
-2,104500,STARFRUIT,4984,26,,,,,4991,26,,,,,4987.5,-187.1796875
-2,104600,STARFRUIT,4985,3,4984.0,25.0,,,4991,27,,,,,4988.0,-182.71875
-2,104700,STARFRUIT,4986,1,4985.0,31.0,,,4991,1,4992.0,30.0,,,4988.5,-176.59375
-2,104800,STARFRUIT,4986,6,4985.0,28.0,,,4992,28,,,,,4989.0,-174.8359375
-2,104900,STARFRUIT,4985,26,,,,,4990,4,4991.0,2.0,4992.0,24.0,4987.5,-178.3828125
-2,105000,STARFRUIT,4985,21,,,,,4992,21,,,,,4988.5,-168.8203125
-2,105100,STARFRUIT,4986,10,4985.0,30.0,,,4992,32,,,,,4989.0,-165.6796875
-2,105200,STARFRUIT,4990,7,4985.0,26.0,,,4992,26,,,,,4991.0,-167.421875
-2,105300,STARFRUIT,4991,1,4985.0,27.0,,,4992,27,,,,,4991.5,-168.9609375
-2,105400,STARFRUIT,4986,6,4985.0,24.0,,,4992,24,,,,,4989.0,-168.140625
-2,105500,STARFRUIT,4986,28,,,,,4991,2,4993.0,28.0,,,4988.5,-150.21875
-2,105600,STARFRUIT,4992,1,4986.0,30.0,,,4993,30,,,,,4992.5,-149.5859375
-2,105700,STARFRUIT,4991,1,4986.0,29.0,,,4993,29,,,,,4992.0,-151.703125
-2,105800,STARFRUIT,4991,7,4986.0,28.0,,,4992,2,4993.0,26.0,,,4991.5,-160.3828125
-2,105900,STARFRUIT,4985,24,,,,,4992,24,,,,,4988.5,-170.296875
-2,106000,STARFRUIT,4984,22,,,,,4986,4,4991.0,22.0,,,4985.0,-185.6015625
-2,106100,STARFRUIT,4985,2,4984.0,22.0,,,4989,7,4991.0,24.0,,,4987.0,-183.953125
-2,106200,STARFRUIT,4985,2,4984.0,21.0,,,4991,23,,,,,4988.0,-183.9375
-2,106300,STARFRUIT,4985,4,4984.0,28.0,,,4987,4,4991.0,28.0,,,4986.0,-192.3359375
-2,106400,STARFRUIT,4984,1,4983.0,22.0,,,4986,6,4988.0,8.0,4990.0,23.0,4985.0,-204.375
-2,106500,STARFRUIT,4983,20,,,,,4988,4,4990.0,20.0,,,4985.5,-207.1875
-2,106600,STARFRUIT,4983,30,,,,,4988,6,4990.0,30.0,,,4985.5,-211.59375
-2,106700,STARFRUIT,4983,2,4982.0,28.0,,,4989,30,,,,,4986.0,-222.4453125
-2,106800,STARFRUIT,4984,2,4983.0,31.0,,,4989,1,4990.0,30.0,,,4986.5,-220.28125
-2,106900,STARFRUIT,4983,29,,,,,4990,29,,,,,4986.5,-219.390625
-2,107000,STARFRUIT,4983,26,,,,,4984,2,4989.0,1.0,4990.0,25.0,4983.5,-220.03125
-2,107100,STARFRUIT,4983,22,,,,,4990,22,,,,,4986.5,-214.140625
-2,107200,STARFRUIT,4983,25,,,,,4988,2,4989.0,1.0,4990.0,24.0,4985.5,-219.578125
-2,107300,STARFRUIT,4983,25,,,,,4990,25,,,,,4986.5,-209.015625
-2,107400,STARFRUIT,4984,6,4983.0,25.0,,,4990,25,,,,,4987.0,-217.328125
-2,107500,STARFRUIT,4983,25,,,,,4990,25,,,,,4986.5,-213.4921875
-2,107600,STARFRUIT,4983,31,,,,,4988,4,4990.0,31.0,,,4985.5,-208.6953125
-2,107700,STARFRUIT,4983,24,,,,,4990,24,,,,,4986.5,-211.015625
-2,107800,STARFRUIT,4983,22,,,,,4990,22,,,,,4986.5,-208.484375
-2,107900,STARFRUIT,4983,29,,,,,4989,1,4990.0,28.0,,,4986.0,-218.953125
-2,108000,STARFRUIT,4982,27,,,,,4989,27,,,,,4985.5,-231.15625
-2,108100,STARFRUIT,4982,25,,,,,4989,25,,,,,4985.5,-233.0234375
-2,108200,STARFRUIT,4982,31,,,,,4987,1,4988.0,2.0,4989.0,29.0,4984.5,-239.0859375
-2,108300,STARFRUIT,4982,21,,,,,4989,21,,,,,4985.5,-234.65625
-2,108400,STARFRUIT,4987,1,4982.0,26.0,,,4989,26,,,,,4988.0,-234.671875
-2,108500,STARFRUIT,4982,25,,,,,4983,1,4989.0,25.0,,,4982.5,-230.046875
-2,108600,STARFRUIT,4982,27,,,,,4989,27,,,,,4985.5,-227.765625
-2,108700,STARFRUIT,4982,23,,,,,4989,23,,,,,4985.5,-226.421875
-2,108800,STARFRUIT,4982,20,,,,,4989,20,,,,,4985.5,-225.9375
-2,108900,STARFRUIT,4982,31,,,,,4989,31,,,,,4985.5,-229.171875
-2,109000,STARFRUIT,4983,4,4982.0,20.0,,,4989,20,,,,,4986.0,-233.140625
-2,109100,STARFRUIT,4983,27,,,,,4988,5,4989.0,1.0,4990.0,27.0,4985.5,-217.234375
-2,109200,STARFRUIT,4982,27,,,,,4989,27,,,,,4985.5,-231.5
-2,109300,STARFRUIT,4983,1,4982.0,21.0,,,4989,21,,,,,4986.0,-233.2578125
-2,109400,STARFRUIT,4982,21,,,,,4989,21,,,,,4985.5,-225.546875
-2,109500,STARFRUIT,4983,5,4982.0,28.0,,,4989,30,,,,,4986.0,-222.4921875
-2,109600,STARFRUIT,4983,29,,,,,4990,29,,,,,4986.5,-211.578125
-2,109700,STARFRUIT,4983,27,,,,,4984,1,4990.0,27.0,,,4983.5,-207.4921875
-2,109800,STARFRUIT,4983,24,,,,,4989,2,4990.0,22.0,,,4986.0,-217.8046875
-2,109900,STARFRUIT,4983,27,,,,,4990,27,,,,,4986.5,-220.703125
-2,110000,STARFRUIT,4982,22,,,,,4989,22,,,,,4985.5,-232.1640625
-2,110100,STARFRUIT,4982,23,,,,,4989,24,,,,,4985.5,-224.625
-2,110200,STARFRUIT,4983,20,,,,,4988,3,4990.0,20.0,,,4985.5,-213.4375
-2,110300,STARFRUIT,4983,22,,,,,4989,2,4990.0,20.0,,,4986.0,-217.25
-2,110400,STARFRUIT,4983,30,,,,,4984,7,4990.0,30.0,,,4983.5,-213.234375
-2,110500,STARFRUIT,4983,21,,,,,4990,21,,,,,4986.5,-216.8203125
-2,110600,STARFRUIT,4988,1,4982.0,28.0,,,4989,28,,,,,4988.5,-228.5703125
-2,110700,STARFRUIT,4986,3,4982.0,26.0,,,4989,26,,,,,4987.5,-232.4453125
-2,110800,STARFRUIT,4981,30,,,,,4988,30,,,,,4984.5,-245.359375
-2,110900,STARFRUIT,4981,24,,,,,4988,24,,,,,4984.5,-250.2109375
-2,111000,STARFRUIT,4987,1,4981.0,24.0,,,4988,24,,,,,4987.5,-248.875
-2,111100,STARFRUIT,4982,2,4981.0,25.0,,,4988,27,,,,,4985.0,-243.453125
-2,111200,STARFRUIT,4982,22,,,,,4987,1,4989.0,22.0,,,4984.5,-233.5078125
-2,111300,STARFRUIT,4983,1,4982.0,30.0,,,4988,1,4989.0,29.0,,,4985.5,-236.5078125
-2,111400,STARFRUIT,4982,24,,,,,4989,24,,,,,4985.5,-234.9921875
-2,111500,STARFRUIT,4987,1,4983.0,6.0,4982.0,22.0,4989,22,,,,,4988.0,-232.015625
-2,111600,STARFRUIT,4983,7,4982.0,32.0,,,4989,32,,,,,4986.0,-227.96875
-2,111700,STARFRUIT,4982,2,4981.0,22.0,,,4988,22,,,,,4985.0,-251.0
-2,111800,STARFRUIT,4982,6,4981.0,22.0,,,4988,22,,,,,4985.0,-257.5546875
-2,111900,STARFRUIT,4981,22,,,,,4988,22,,,,,4984.5,-251.6171875
-2,112000,STARFRUIT,4981,26,,,,,4985,4,4987.0,26.0,,,4983.0,-260.90625
-2,112100,STARFRUIT,4981,22,,,,,4987,2,4988.0,20.0,,,4984.0,-259.328125
-2,112200,STARFRUIT,4986,1,4981.0,28.0,,,4988,28,,,,,4987.0,-253.1171875
-2,112300,STARFRUIT,4981,5,4980.0,26.0,,,4987,26,,,,,4984.0,-268.5859375
-2,112400,STARFRUIT,4980,29,,,,,4987,29,,,,,4983.5,-270.5234375
-2,112500,STARFRUIT,4980,23,,,,,4987,23,,,,,4983.5,-269.0546875
-2,112600,STARFRUIT,4980,30,,,,,4987,30,,,,,4983.5,-269.3984375
-2,112700,STARFRUIT,4980,1,4979.0,28.0,,,4986,29,,,,,4983.0,-281.9765625
-2,112800,STARFRUIT,4981,7,4980.0,22.0,,,4987,22,,,,,4984.0,-279.6640625
-2,112900,STARFRUIT,4980,2,4979.0,20.0,,,4986,22,,,,,4983.0,-284.5625
-2,113000,STARFRUIT,4980,27,,,,,4985,4,4986.0,1.0,4987.0,26.0,4982.5,-278.4921875
-2,113100,STARFRUIT,4980,21,,,,,4987,21,,,,,4983.5,-275.53125
-2,113200,STARFRUIT,4981,7,4980.0,31.0,,,4986,2,4987.0,29.0,,,4983.5,-280.3671875
-2,113300,STARFRUIT,4980,22,,,,,4981,5,4986.0,2.0,4987.0,20.0,4980.5,-279.4453125
-2,113400,STARFRUIT,4980,1,4979.0,20.0,,,4986,21,,,,,4983.0,-285.421875
-2,113500,STARFRUIT,4979,21,,,,,4986,21,,,,,4982.5,-291.484375
-2,113600,STARFRUIT,4979,1,4978.0,24.0,,,4985,25,,,,,4982.0,-304.546875
-2,113700,STARFRUIT,4979,6,4978.0,21.0,,,4985,21,,,,,4982.0,-306.96875
-2,113800,STARFRUIT,4979,24,,,,,4985,24,,,,,4982.0,-301.1171875
-2,113900,STARFRUIT,4979,29,,,,,4985,1,4986.0,28.0,,,4982.0,-300.7734375
-2,114000,STARFRUIT,4979,2,4978.0,28.0,,,4985,30,,,,,4982.0,-301.5390625
-2,114100,STARFRUIT,4984,1,4979.0,3.0,4978.0,32.0,4985,32,,,,,4984.5,-307.1640625
-2,114200,STARFRUIT,4978,25,,,,,4985,25,,,,,4981.5,-311.96875
-2,114300,STARFRUIT,4979,1,4978.0,29.0,,,4985,29,,,,,4982.0,-306.71875
-2,114400,STARFRUIT,4978,28,,,,,4985,28,,,,,4981.5,-319.265625
-2,114500,STARFRUIT,4979,2,4978.0,29.0,,,4985,30,,,,,4982.0,-303.578125
-2,114600,STARFRUIT,4979,1,4978.0,25.0,,,4985,26,,,,,4982.0,-304.7890625
-2,114700,STARFRUIT,4980,6,4979.0,28.0,,,4986,28,,,,,4983.0,-288.2578125
-2,114800,STARFRUIT,4980,26,,,,,4986,2,4987.0,24.0,,,4983.0,-279.65625
-2,114900,STARFRUIT,4979,21,,,,,4986,21,,,,,4982.5,-283.7265625
-2,115000,STARFRUIT,4981,6,4980.0,26.0,,,4986,1,4987.0,25.0,,,4983.5,-278.6484375
-2,115100,STARFRUIT,4985,1,4981.0,8.0,4980.0,25.0,4987,25,,,,,4986.0,-277.390625
-2,115200,STARFRUIT,4980,21,,,,,4987,21,,,,,4983.5,-274.5078125
-2,115300,STARFRUIT,4981,5,4980.0,28.0,,,4987,28,,,,,4984.0,-269.0078125
-2,115400,STARFRUIT,4980,24,,,,,4987,24,,,,,4983.5,-274.1875
-2,115500,STARFRUIT,4980,26,,,,,4986,2,4987.0,24.0,,,4983.0,-279.921875
-2,115600,STARFRUIT,4980,6,4979.0,27.0,,,4986,29,,,,,4983.0,-284.109375
-2,115700,STARFRUIT,4984,1,4979.0,25.0,,,4986,25,,,,,4985.0,-295.828125
-2,115800,STARFRUIT,4980,2,4979.0,24.0,,,4985,2,4986.0,22.0,,,4982.5,-298.796875
-2,115900,STARFRUIT,4979,30,,,,,4985,2,4986.0,28.0,,,4982.0,-297.859375
-2,116000,STARFRUIT,4979,24,,,,,4986,25,,,,,4982.5,-296.7734375
-2,116100,STARFRUIT,4979,24,,,,,4985,2,4986.0,22.0,,,4982.0,-296.15625
-2,116200,STARFRUIT,4979,27,,,,,4984,3,4986.0,27.0,,,4981.5,-300.2265625
-2,116300,STARFRUIT,4979,29,,,,,4986,29,,,,,4982.5,-294.9140625
-2,116400,STARFRUIT,4978,24,,,,,4985,24,,,,,4981.5,-312.1640625
-2,116500,STARFRUIT,4979,5,4978.0,29.0,,,4984,2,4985.0,27.0,,,4981.5,-316.28125
-2,116600,STARFRUIT,4978,23,,,,,4984,2,4985.0,21.0,,,4981.0,-319.890625
-2,116700,STARFRUIT,4978,26,,,,,4985,26,,,,,4981.5,-313.78125
-2,116800,STARFRUIT,4979,6,4978.0,30.0,,,4985,30,,,,,4982.0,-309.53125
-2,116900,STARFRUIT,4979,1,4978.0,26.0,,,4983,2,4985.0,27.0,,,4981.0,-304.21875
-2,117000,STARFRUIT,4979,1,4978.0,30.0,,,4985,31,,,,,4982.0,-305.171875
-2,117100,STARFRUIT,4979,26,,,,,4985,2,4986.0,24.0,,,4982.0,-298.71875
-2,117200,STARFRUIT,4978,22,,,,,4985,22,,,,,4981.5,-307.7890625
-2,117300,STARFRUIT,4978,22,,,,,4983,2,4985.0,22.0,,,4980.5,-308.34375
-2,117400,STARFRUIT,4977,27,,,,,4984,27,,,,,4980.5,-326.25
-2,117500,STARFRUIT,4978,26,,,,,4979,2,4983.0,1.0,4985.0,26.0,4978.5,-313.8125
-2,117600,STARFRUIT,4979,1,4978.0,30.0,,,4985,31,,,,,4982.0,-302.34375
-2,117700,STARFRUIT,4978,30,,,,,4985,30,,,,,4981.5,-308.2734375
-2,117800,STARFRUIT,4979,3,4978.0,31.0,,,4984,2,4985.0,29.0,,,4981.5,-316.203125
-2,117900,STARFRUIT,4978,2,4977.0,24.0,,,4984,24,,,,,4981.0,-334.0625
-2,118000,STARFRUIT,4976,28,,,,,4981,5,4983.0,28.0,,,4978.5,-347.421875
-2,118100,STARFRUIT,4976,25,,,,,4983,25,,,,,4979.5,-347.671875
-2,118200,STARFRUIT,4976,21,,,,,4977,1,4983.0,21.0,,,4976.5,-350.1328125
-2,118300,STARFRUIT,4975,26,,,,,4982,27,,,,,4978.5,-363.046875
-2,118400,STARFRUIT,4975,30,,,,,4982,30,,,,,4978.5,-368.2265625
-2,118500,STARFRUIT,4975,25,,,,,4982,26,,,,,4978.5,-374.7109375
-2,118600,STARFRUIT,4976,7,4975.0,31.0,,,4982,31,,,,,4979.0,-372.203125
-2,118700,STARFRUIT,4975,27,,,,,4976,10,4982.0,27.0,,,4975.5,-367.765625
-2,118800,STARFRUIT,4975,31,,,,,4982,31,,,,,4978.5,-370.703125
-2,118900,STARFRUIT,4976,5,4975.0,25.0,,,4982,25,,,,,4979.0,-370.9921875
-2,119000,STARFRUIT,4975,21,,,,,4982,21,,,,,4978.5,-372.21875
-2,119100,STARFRUIT,4979,2,4974.0,26.0,,,4981,26,,,,,4980.0,-389.9765625
-2,119200,STARFRUIT,4974,26,,,,,4981,26,,,,,4977.5,-389.7421875
-2,119300,STARFRUIT,4974,25,,,,,4981,25,,,,,4977.5,-391.4296875
-2,119400,STARFRUIT,4975,7,4974.0,24.0,,,4981,24,,,,,4978.0,-386.65625
-2,119500,STARFRUIT,4974,1,4973.0,25.0,,,4980,26,,,,,4977.0,-402.390625
-2,119600,STARFRUIT,4974,28,,,,,4980,2,4981.0,27.0,,,4977.0,-397.4921875
-2,119700,STARFRUIT,4974,9,4973.0,25.0,,,4980,26,,,,,4977.0,-403.7265625
-2,119800,STARFRUIT,4976,4,4973.0,26.0,,,4978,7,4980.0,26.0,,,4977.0,-402.78125
-2,119900,STARFRUIT,4974,27,,,,,4979,6,4981.0,28.0,,,4976.5,-394.3203125
-2,120000,STARFRUIT,4973,25,,,,,4980,25,,,,,4976.5,-407.1796875
-2,120100,STARFRUIT,4973,22,,,,,4980,22,,,,,4976.5,-418.7421875
-2,120200,STARFRUIT,4973,24,,,,,4980,24,,,,,4976.5,-412.0
-2,120300,STARFRUIT,4973,8,4972.0,29.0,,,4979,31,,,,,4976.0,-422.1875
-2,120400,STARFRUIT,4973,8,4972.0,25.0,,,4974,2,4979.0,25.0,,,4973.5,-430.9375
-2,120500,STARFRUIT,4972,23,,,,,4974,3,4979.0,23.0,,,4973.0,-427.3125
-2,120600,STARFRUIT,4973,4,4972.0,22.0,,,4979,22,,,,,4976.0,-430.0625
-2,120700,STARFRUIT,4972,28,,,,,4979,28,,,,,4975.5,-425.0234375
-2,120800,STARFRUIT,4972,23,,,,,4979,23,,,,,4975.5,-423.7734375
-2,120900,STARFRUIT,4972,23,,,,,4977,4,4979.0,23.0,,,4974.5,-425.1015625
-2,121000,STARFRUIT,4973,24,,,,,4979,2,4980.0,22.0,,,4976.0,-418.421875
-2,121100,STARFRUIT,4974,1,4973.0,25.0,,,4980,27,,,,,4977.0,-402.1796875
-2,121200,STARFRUIT,4974,2,4973.0,27.0,,,4980,28,,,,,4977.0,-404.0859375
-2,121300,STARFRUIT,4975,8,4974.0,22.0,,,4981,22,,,,,4978.0,-393.4609375
-2,121400,STARFRUIT,4974,27,,,,,4979,4,4981.0,27.0,,,4976.5,-385.578125
-2,121500,STARFRUIT,4974,29,,,,,4979,4,4981.0,29.0,,,4976.5,-385.828125
-2,121600,STARFRUIT,4975,1,4974.0,21.0,,,4979,2,4981.0,22.0,,,4977.0,-383.3046875
-2,121700,STARFRUIT,4975,5,4974.0,27.0,,,4981,27,,,,,4978.0,-391.8515625
-2,121800,STARFRUIT,4974,31,,,,,4980,1,4981.0,30.0,,,4977.0,-397.84375
-2,121900,STARFRUIT,4979,1,4974.0,28.0,,,4980,1,4981.0,27.0,,,4979.5,-396.7421875
-2,122000,STARFRUIT,4974,27,,,,,4979,1,4981.0,27.0,,,4976.5,-398.21875
-2,122100,STARFRUIT,4974,25,,,,,4981,25,,,,,4977.5,-389.0
-2,122200,STARFRUIT,4974,27,,,,,4980,2,4981.0,25.0,,,4977.0,-400.40625
-2,122300,STARFRUIT,4974,3,4973.0,23.0,,,4980,23,,,,,4977.0,-403.828125
-2,122400,STARFRUIT,4973,26,,,,,4980,26,,,,,4976.5,-409.984375
-2,122500,STARFRUIT,4973,27,,,,,4980,27,,,,,4976.5,-412.2890625
-2,122600,STARFRUIT,4979,1,4974.0,1.0,4973.0,28.0,4980,29,,,,,4979.5,-404.140625
-2,122700,STARFRUIT,4973,25,,,,,4980,25,,,,,4976.5,-414.8125
-2,122800,STARFRUIT,4973,29,,,,,4978,6,4980.0,29.0,,,4975.5,-409.140625
-2,122900,STARFRUIT,4978,1,4973.0,32.0,,,4980,32,,,,,4979.0,-414.9140625
-2,123000,STARFRUIT,4973,26,,,,,4980,26,,,,,4976.5,-418.5625
-2,123100,STARFRUIT,4974,8,4973.0,26.0,,,4980,26,,,,,4977.0,-411.71875
-2,123200,STARFRUIT,4973,23,,,,,4974,4,4978.0,1.0,4980.0,23.0,4973.5,-415.046875
-2,123300,STARFRUIT,4973,29,,,,,4980,29,,,,,4976.5,-410.8125
-2,123400,STARFRUIT,4974,6,4973.0,22.0,,,4980,22,,,,,4977.0,-410.96875
-2,123500,STARFRUIT,4973,31,,,,,4980,31,,,,,4976.5,-413.4140625
-2,123600,STARFRUIT,4973,21,,,,,4979,1,4980.0,20.0,,,4976.0,-417.328125
-2,123700,STARFRUIT,4972,23,,,,,4979,23,,,,,4975.5,-432.109375
-2,123800,STARFRUIT,4977,1,4972.0,24.0,,,4978,1,4979.0,23.0,,,4977.5,-439.078125
-2,123900,STARFRUIT,4972,26,,,,,4979,26,,,,,4975.5,-438.8046875
-2,124000,STARFRUIT,4977,1,4972.0,20.0,,,4979,20,,,,,4978.0,-438.2265625
-2,124100,STARFRUIT,4971,27,,,,,4973,3,4978.0,27.0,,,4972.0,-451.0859375
-2,124200,STARFRUIT,4972,5,4971.0,23.0,,,4978,24,,,,,4975.0,-444.15625
-2,124300,STARFRUIT,4973,3,4972.0,20.0,,,4979,20,,,,,4976.0,-440.6171875
-2,124400,STARFRUIT,4971,27,,,,,4978,27,,,,,4974.5,-451.953125
-2,124500,STARFRUIT,4971,21,,,,,4972,3,4975.0,4.0,4977.0,21.0,4971.5,-461.2265625
-2,124600,STARFRUIT,4975,2,4971.0,21.0,,,4976,1,4978.0,21.0,,,4975.5,-458.1953125
-2,124700,STARFRUIT,4970,22,,,,,4975,5,4977.0,22.0,,,4972.5,-473.140625
-2,124800,STARFRUIT,4970,25,,,,,4976,2,4977.0,23.0,,,4973.0,-480.015625
-2,124900,STARFRUIT,4970,1,4969.0,30.0,,,4976,31,,,,,4973.0,-481.40625
-2,125000,STARFRUIT,4970,1,4969.0,25.0,,,4976,26,,,,,4973.0,-483.3828125
-2,125100,STARFRUIT,4969,27,,,,,4976,27,,,,,4972.5,-484.796875
-2,125200,STARFRUIT,4970,1,4969.0,26.0,,,4976,27,,,,,4973.0,-482.6484375
-2,125300,STARFRUIT,4969,28,,,,,4976,28,,,,,4972.5,-489.921875
-2,125400,STARFRUIT,4969,22,,,,,4976,22,,,,,4972.5,-494.71875
-2,125500,STARFRUIT,4970,24,,,,,4976,2,4977.0,22.0,,,4973.0,-479.3671875
-2,125600,STARFRUIT,4970,7,4969.0,30.0,,,4976,30,,,,,4973.0,-491.40625
-2,125700,STARFRUIT,4969,28,,,,,4975,2,4976.0,26.0,,,4972.0,-495.890625
-2,125800,STARFRUIT,4969,28,,,,,4975,1,4976.0,27.0,,,4972.0,-495.921875
-2,125900,STARFRUIT,4969,3,4968.0,28.0,,,4971,6,4975.0,30.0,,,4970.0,-501.9453125
-2,126000,STARFRUIT,4969,22,,,,,4976,22,,,,,4972.5,-493.15625
-2,126100,STARFRUIT,4970,7,4969.0,29.0,,,4976,29,,,,,4973.0,-493.46875
-2,126200,STARFRUIT,4969,24,,,,,4976,24,,,,,4972.5,-488.3359375
-2,126300,STARFRUIT,4968,29,,,,,4975,29,,,,,4971.5,-509.9453125
-2,126400,STARFRUIT,4969,6,4968.0,27.0,,,4975,27,,,,,4972.0,-501.3984375
-2,126500,STARFRUIT,4969,27,,,,,4976,27,,,,,4972.5,-493.1484375
-2,126600,STARFRUIT,4969,22,,,,,4975,1,4976.0,21.0,,,4972.0,-500.0
-2,126700,STARFRUIT,4969,23,,,,,4976,23,,,,,4972.5,-490.4921875
-2,126800,STARFRUIT,4969,26,,,,,4974,7,4976.0,26.0,,,4971.5,-489.21875
-2,126900,STARFRUIT,4970,1,4969.0,24.0,,,4974,8,4976.0,25.0,,,4972.0,-482.703125
-2,127000,STARFRUIT,4970,26,,,,,4977,26,,,,,4973.5,-469.140625
-2,127100,STARFRUIT,4970,27,,,,,4977,27,,,,,4973.5,-469.1640625
-2,127200,STARFRUIT,4970,26,,,,,4976,2,4977.0,24.0,,,4973.0,-478.0
-2,127300,STARFRUIT,4970,28,,,,,4977,28,,,,,4973.5,-478.8828125
-2,127400,STARFRUIT,4969,27,,,,,4974,7,4976.0,27.0,,,4971.5,-489.7890625
-2,127500,STARFRUIT,4969,30,,,,,4974,6,4975.0,2.0,4976.0,29.0,4971.5,-496.9296875
-2,127600,STARFRUIT,4968,27,,,,,4975,27,,,,,4971.5,-503.75
-2,127700,STARFRUIT,4969,6,4968.0,20.0,,,4975,20,,,,,4972.0,-510.15625
-2,127800,STARFRUIT,4969,1,4968.0,27.0,,,4975,28,,,,,4972.0,-501.6640625
-2,127900,STARFRUIT,4969,29,,,,,4975,2,4976.0,27.0,,,4972.0,-495.7734375
-2,128000,STARFRUIT,4974,1,4969.0,2.0,4968.0,20.0,4975,22,,,,,4974.5,-503.625
-2,128100,STARFRUIT,4969,30,,,,,4976,30,,,,,4972.5,-495.375
-2,128200,STARFRUIT,4968,22,,,,,4975,22,,,,,4971.5,-509.40625
-2,128300,STARFRUIT,4973,1,4968.0,25.0,,,4975,25,,,,,4974.0,-515.3125
-2,128400,STARFRUIT,4968,23,,,,,4969,2,4973.0,8.0,4974.0,1.0,4968.5,-517.109375
-2,128500,STARFRUIT,4968,23,,,,,4975,23,,,,,4971.5,-508.359375
-2,128600,STARFRUIT,4969,2,4968.0,20.0,,,4975,22,,,,,4972.0,-503.265625
-2,128700,STARFRUIT,4969,26,,,,,4976,26,,,,,4972.5,-500.3046875
-2,128800,STARFRUIT,4969,21,,,,,4976,21,,,,,4972.5,-490.609375
-2,128900,STARFRUIT,4975,1,4974.0,4.0,4969.0,25.0,4976,25,,,,,4975.5,-485.5625
-2,129000,STARFRUIT,4970,23,,,,,4977,23,,,,,4973.5,-475.3359375
-2,129100,STARFRUIT,4970,1,4969.0,26.0,,,4974,8,4976.0,27.0,,,4972.0,-482.171875
-2,129200,STARFRUIT,4969,26,,,,,4974,7,4976.0,26.0,,,4971.5,-496.171875
-2,129300,STARFRUIT,4970,5,4969.0,23.0,,,4976,23,,,,,4973.0,-500.0703125
-2,129400,STARFRUIT,4969,25,,,,,4976,25,,,,,4972.5,-494.0546875
-2,129500,STARFRUIT,4969,20,,,,,4974,6,4976.0,20.0,,,4971.5,-492.5625
-2,129600,STARFRUIT,4970,1,4969.0,29.0,,,4976,31,,,,,4973.0,-486.078125
-2,129700,STARFRUIT,4970,23,,,,,4973,3,4976.0,23.0,,,4971.5,-481.0
-2,129800,STARFRUIT,4971,2,4970.0,28.0,,,4976,1,4977.0,27.0,,,4973.5,-477.453125
-2,129900,STARFRUIT,4970,30,,,,,4977,30,,,,,4973.5,-471.5078125
-2,130000,STARFRUIT,4970,29,,,,,4977,29,,,,,4973.5,-477.7265625
-2,130100,STARFRUIT,4976,1,4970.0,22.0,,,4977,22,,,,,4976.5,-469.59375
-2,130200,STARFRUIT,4970,23,,,,,4971,3,4975.0,3.0,4976.0,2.0,4970.5,-478.109375
-2,130300,STARFRUIT,4970,26,,,,,4976,1,4977.0,25.0,,,4973.0,-479.5546875
-2,130400,STARFRUIT,4969,27,,,,,4976,28,,,,,4972.5,-491.3125
-2,130500,STARFRUIT,4969,21,,,,,4974,8,4976.0,21.0,,,4971.5,-487.8359375
-2,130600,STARFRUIT,4969,21,,,,,4974,2,4975.0,21.0,,,4971.5,-500.6796875
-2,130700,STARFRUIT,4975,1,4970.0,6.0,4969.0,22.0,4976,22,,,,,4975.5,-490.0546875
-2,130800,STARFRUIT,4969,23,,,,,4975,23,,,,,4972.0,-501.2421875
-2,130900,STARFRUIT,4969,32,,,,,4970,7,4975.0,2.0,4976.0,30.0,4969.5,-499.71875
-2,131000,STARFRUIT,4968,26,,,,,4973,6,4975.0,26.0,,,4970.5,-501.3515625
-2,131100,STARFRUIT,4968,22,,,,,4975,22,,,,,4971.5,-508.828125
-2,131200,STARFRUIT,4969,30,,,,,4976,30,,,,,4972.5,-499.4453125
-2,131300,STARFRUIT,4969,1,4968.0,20.0,,,4975,21,,,,,4972.0,-503.375
-2,131400,STARFRUIT,4974,7,4969.0,21.0,,,4976,21,,,,,4975.0,-492.265625
-2,131500,STARFRUIT,4969,26,,,,,4975,26,,,,,4972.0,-500.921875
-2,131600,STARFRUIT,4974,1,4968.0,30.0,,,4975,30,,,,,4974.5,-507.8046875
-2,131700,STARFRUIT,4968,1,4967.0,29.0,,,4972,8,4974.0,30.0,,,4970.0,-524.1953125
-2,131800,STARFRUIT,4968,27,,,,,4969,4,4974.0,1.0,4975.0,27.0,4968.5,-520.328125
-2,131900,STARFRUIT,4969,1,4968.0,27.0,,,4975,27,,,,,4972.0,-513.5703125
-2,132000,STARFRUIT,4969,6,4968.0,28.0,,,4975,28,,,,,4972.0,-512.3125
-2,132100,STARFRUIT,4968,24,,,,,4975,24,,,,,4971.5,-514.109375
-2,132200,STARFRUIT,4968,2,4967.0,27.0,,,4974,29,,,,,4971.0,-521.921875
-2,132300,STARFRUIT,4968,24,,,,,4975,24,,,,,4971.5,-503.796875
-2,132400,STARFRUIT,4969,23,,,,,4975,1,4976.0,22.0,,,4972.0,-498.40625
-2,132500,STARFRUIT,4968,30,,,,,4973,5,4975.0,30.0,,,4970.5,-513.5390625
-2,132600,STARFRUIT,4968,29,,,,,4975,29,,,,,4971.5,-516.5078125
-2,132700,STARFRUIT,4967,23,,,,,4972,2,4974.0,23.0,,,4969.5,-537.7109375
-2,132800,STARFRUIT,4968,2,4967.0,23.0,,,4974,25,,,,,4971.0,-525.6875
-2,132900,STARFRUIT,4968,32,,,,,4975,32,,,,,4971.5,-510.5
-2,133000,STARFRUIT,4969,23,,,,,4976,23,,,,,4972.5,-499.3984375
-2,133100,STARFRUIT,4969,24,,,,,4975,1,4976.0,23.0,,,4972.0,-500.3125
-2,133200,STARFRUIT,4969,1,4968.0,27.0,,,4975,28,,,,,4972.0,-505.5
-2,133300,STARFRUIT,4968,32,,,,,4974,2,4975.0,30.0,,,4971.0,-517.1328125
-2,133400,STARFRUIT,4968,29,,,,,4975,30,,,,,4971.5,-513.390625
-2,133500,STARFRUIT,4968,30,,,,,4973,1,4974.0,2.0,4975.0,28.0,4970.5,-519.796875
-2,133600,STARFRUIT,4968,2,4967.0,21.0,,,4974,23,,,,,4971.0,-523.265625
-2,133700,STARFRUIT,4967,28,,,,,4968,1,4974.0,28.0,,,4967.5,-528.8125
-2,133800,STARFRUIT,4967,23,,,,,4974,23,,,,,4970.5,-531.7421875
-2,133900,STARFRUIT,4968,2,4967.0,22.0,,,4974,24,,,,,4971.0,-525.09375
-2,134000,STARFRUIT,4969,8,4968.0,24.0,,,4971,2,4975.0,24.0,,,4970.0,-512.1640625
-2,134100,STARFRUIT,4968,24,,,,,4975,24,,,,,4971.5,-511.4296875
-2,134200,STARFRUIT,4968,29,,,,,4975,29,,,,,4971.5,-511.734375
-2,134300,STARFRUIT,4968,32,,,,,4974,32,,,,,4971.0,-521.03125
-2,134400,STARFRUIT,4967,25,,,,,4974,25,,,,,4970.5,-531.25
-2,134500,STARFRUIT,4968,6,4967.0,24.0,,,4974,24,,,,,4971.0,-540.1484375
-2,134600,STARFRUIT,4970,5,4967.0,23.0,,,4974,23,,,,,4972.0,-533.5703125
-2,134700,STARFRUIT,4967,21,,,,,4972,7,4974.0,21.0,,,4969.5,-532.046875
-2,134800,STARFRUIT,4968,2,4967.0,30.0,,,4974,32,,,,,4971.0,-524.796875
-2,134900,STARFRUIT,4968,2,4967.0,21.0,,,4972,5,4974.0,23.0,,,4970.0,-521.8671875
-2,135000,STARFRUIT,4968,9,4967.0,22.0,,,4974,23,,,,,4971.0,-525.4921875
-2,135100,STARFRUIT,4972,8,4967.0,22.0,,,4973,2,4974.0,20.0,,,4972.5,-535.796875
-2,135200,STARFRUIT,4967,21,,,,,4973,1,4974.0,20.0,,,4970.0,-539.140625
-2,135300,STARFRUIT,4966,20,,,,,4973,20,,,,,4969.5,-550.921875
-2,135400,STARFRUIT,4967,30,,,,,4974,30,,,,,4970.5,-535.421875
-2,135500,STARFRUIT,4967,30,,,,,4972,3,4974.0,30.0,,,4969.5,-533.6953125
-2,135600,STARFRUIT,4967,21,,,,,4972,1,4974.0,21.0,,,4969.5,-537.0234375
-2,135700,STARFRUIT,4967,26,,,,,4974,26,,,,,4970.5,-521.578125
-2,135800,STARFRUIT,4968,3,4967.0,24.0,,,4970,3,4974.0,24.0,,,4969.0,-525.03125
-2,135900,STARFRUIT,4968,27,,,,,4974,27,,,,,4971.0,-521.0
-2,136000,STARFRUIT,4968,5,4967.0,30.0,,,4974,31,,,,,4971.0,-522.7109375
-2,136100,STARFRUIT,4968,29,,,,,4975,29,,,,,4971.5,-520.2578125
-2,136200,STARFRUIT,4968,1,4967.0,28.0,,,4972,2,4974.0,29.0,,,4970.0,-523.578125
-2,136300,STARFRUIT,4969,1,4968.0,32.0,,,4974,2,4975.0,30.0,,,4971.5,-520.046875
-2,136400,STARFRUIT,4968,30,,,,,4975,30,,,,,4971.5,-509.078125
-2,136500,STARFRUIT,4968,26,,,,,4969,1,4974.0,2.0,4975.0,24.0,4968.5,-519.5234375
-2,136600,STARFRUIT,4967,25,,,,,4974,25,,,,,4970.5,-537.625
-2,136700,STARFRUIT,4967,24,,,,,4974,24,,,,,4970.5,-527.234375
-2,136800,STARFRUIT,4968,8,4967.0,26.0,,,4974,28,,,,,4971.0,-526.2734375
-2,136900,STARFRUIT,4968,23,,,,,4975,23,,,,,4971.5,-519.6796875
-2,137000,STARFRUIT,4968,1,4967.0,28.0,,,4974,29,,,,,4971.0,-522.3671875
-2,137100,STARFRUIT,4968,24,,,,,4975,24,,,,,4971.5,-510.421875
-2,137200,STARFRUIT,4970,1,4969.0,23.0,,,4976,23,,,,,4973.0,-496.2421875
-2,137300,STARFRUIT,4969,1,4968.0,27.0,,,4973,5,4975.0,28.0,,,4971.0,-505.96875
-2,137400,STARFRUIT,4969,29,,,,,4975,29,,,,,4972.0,-500.984375
-2,137500,STARFRUIT,4969,1,4968.0,29.0,,,4973,7,4975.0,30.0,,,4971.0,-506.2421875
-2,137600,STARFRUIT,4968,22,,,,,4974,1,4975.0,21.0,,,4971.0,-519.515625
-2,137700,STARFRUIT,4968,1,4967.0,27.0,,,4969,3,4974.0,28.0,,,4968.5,-522.328125
-2,137800,STARFRUIT,4968,23,,,,,4974,1,4975.0,22.0,,,4971.0,-518.203125
-2,137900,STARFRUIT,4967,29,,,,,4974,29,,,,,4970.5,-529.59375
-2,138000,STARFRUIT,4967,30,,,,,4974,30,,,,,4970.5,-540.3125
-2,138100,STARFRUIT,4967,31,,,,,4974,31,,,,,4970.5,-530.921875
-2,138200,STARFRUIT,4967,24,,,,,4974,24,,,,,4970.5,-531.1484375
-2,138300,STARFRUIT,4967,30,,,,,4974,30,,,,,4970.5,-528.421875
-2,138400,STARFRUIT,4967,26,,,,,4972,4,4973.0,2.0,4974.0,24.0,4969.5,-538.078125
-2,138500,STARFRUIT,4967,1,4966.0,22.0,,,4973,24,,,,,4970.0,-543.84375
-2,138600,STARFRUIT,4966,30,,,,,4969,2,4973.0,31.0,,,4967.5,-543.421875
-2,138700,STARFRUIT,4967,2,4966.0,23.0,,,4973,25,,,,,4970.0,-542.5
-2,138800,STARFRUIT,4967,2,4966.0,29.0,,,4973,31,,,,,4970.0,-541.9375
-2,138900,STARFRUIT,4967,22,,,,,4974,22,,,,,4970.5,-529.8359375
-2,139000,STARFRUIT,4967,31,,,,,4968,1,4974.0,31.0,,,4967.5,-529.15625
-2,139100,STARFRUIT,4967,2,4966.0,22.0,,,4973,24,,,,,4970.0,-542.09375
-2,139200,STARFRUIT,4967,3,4966.0,26.0,,,4973,26,,,,,4970.0,-549.796875
-2,139300,STARFRUIT,4966,22,,,,,4973,22,,,,,4969.5,-550.9921875
-2,139400,STARFRUIT,4967,6,4966.0,24.0,,,4973,25,,,,,4970.0,-541.515625
-2,139500,STARFRUIT,4966,21,,,,,4973,21,,,,,4969.5,-547.796875
-2,139600,STARFRUIT,4967,6,4966.0,25.0,,,4973,25,,,,,4970.0,-551.734375
-2,139700,STARFRUIT,4966,26,,,,,4967,4,4971.0,4.0,4973.0,27.0,4966.5,-552.78125
-2,139800,STARFRUIT,4971,1,4966.0,27.0,,,4972,1,4973.0,26.0,,,4971.5,-559.28125
-2,139900,STARFRUIT,4965,23,,,,,4970,1,4972.0,23.0,,,4967.5,-566.75
-2,140000,STARFRUIT,4965,24,,,,,4972,24,,,,,4968.5,-569.53125
-2,140100,STARFRUIT,4965,27,,,,,4966,1,4972.0,27.0,,,4965.5,-562.4921875
-2,140200,STARFRUIT,4966,30,,,,,4972,2,4973.0,28.0,,,4969.0,-559.5546875
-2,140300,STARFRUIT,4966,2,4965.0,26.0,,,4972,28,,,,,4969.0,-562.8046875
-2,140400,STARFRUIT,4966,26,,,,,4973,27,,,,,4969.5,-560.546875
-2,140500,STARFRUIT,4965,27,,,,,4972,27,,,,,4968.5,-571.796875
-2,140600,STARFRUIT,4966,1,4965.0,27.0,,,4968,3,4972.0,29.0,,,4967.0,-564.796875
-2,140700,STARFRUIT,4966,22,,,,,4972,1,4973.0,21.0,,,4969.0,-559.859375
-2,140800,STARFRUIT,4966,26,,,,,4973,26,,,,,4969.5,-558.46875
-2,140900,STARFRUIT,4965,28,,,,,4972,28,,,,,4968.5,-572.53125
-2,141000,STARFRUIT,4967,5,4966.0,22.0,,,4972,2,4973.0,20.0,,,4969.5,-557.265625
-2,141100,STARFRUIT,4965,3,4964.0,28.0,,,4971,28,,,,,4968.0,-581.6953125
-2,141200,STARFRUIT,4964,24,,,,,4969,2,4971.0,24.0,,,4966.5,-590.6953125
-2,141300,STARFRUIT,4964,22,,,,,4971,22,,,,,4967.5,-599.0859375
-2,141400,STARFRUIT,4964,28,,,,,4971,28,,,,,4967.5,-594.546875
-2,141500,STARFRUIT,4963,27,,,,,4970,27,,,,,4966.5,-607.5546875
-2,141600,STARFRUIT,4963,31,,,,,4970,31,,,,,4966.5,-606.6953125
-2,141700,STARFRUIT,4963,22,,,,,4970,22,,,,,4966.5,-608.9375
-2,141800,STARFRUIT,4963,26,,,,,4970,26,,,,,4966.5,-612.296875
-2,141900,STARFRUIT,4963,22,,,,,4970,22,,,,,4966.5,-606.4765625
-2,142000,STARFRUIT,4969,1,4964.0,26.0,,,4971,26,,,,,4970.0,-596.09375
-2,142100,STARFRUIT,4964,31,,,,,4971,31,,,,,4967.5,-593.9375
-2,142200,STARFRUIT,4964,24,,,,,4970,2,4971.0,22.0,,,4967.0,-597.1640625
-2,142300,STARFRUIT,4968,1,4963.0,25.0,,,4969,2,4970.0,23.0,,,4968.5,-616.421875
-2,142400,STARFRUIT,4964,2,4963.0,29.0,,,4970,31,,,,,4967.0,-605.65625
-2,142500,STARFRUIT,4968,5,4963.0,23.0,,,4970,23,,,,,4969.0,-609.0625
-2,142600,STARFRUIT,4962,28,,,,,4969,29,,,,,4965.5,-624.8984375
-2,142700,STARFRUIT,4963,1,4962.0,28.0,,,4967,4,4969.0,29.0,,,4965.0,-624.625
-2,142800,STARFRUIT,4968,1,4963.0,23.0,,,4970,23,,,,,4969.0,-614.015625
-2,142900,STARFRUIT,4963,27,,,,,4970,27,,,,,4966.5,-616.125
-2,143000,STARFRUIT,4962,25,,,,,4969,25,,,,,4965.5,-626.46875
-2,143100,STARFRUIT,4964,7,4963.0,30.0,,,4970,30,,,,,4967.0,-609.375
-2,143200,STARFRUIT,4964,2,4963.0,30.0,,,4968,6,4970.0,32.0,,,4966.0,-605.421875
-2,143300,STARFRUIT,4964,1,4963.0,26.0,,,4968,7,4970.0,27.0,,,4966.0,-603.59375
-2,143400,STARFRUIT,4964,28,,,,,4970,2,4971.0,26.0,,,4967.0,-596.3828125
-2,143500,STARFRUIT,4964,8,4963.0,26.0,,,4970,26,,,,,4967.0,-614.6796875
-2,143600,STARFRUIT,4963,22,,,,,4970,22,,,,,4966.5,-616.1484375
-2,143700,STARFRUIT,4963,26,,,,,4969,1,4970.0,25.0,,,4966.0,-618.359375
-2,143800,STARFRUIT,4965,4,4964.0,30.0,,,4970,30,,,,,4967.5,-601.09375
-2,143900,STARFRUIT,4963,25,,,,,4968,2,4970.0,25.0,,,4965.5,-606.484375
-2,144000,STARFRUIT,4968,1,4963.0,22.0,,,4970,22,,,,,4969.0,-611.78125
-2,144100,STARFRUIT,4962,22,,,,,4967,3,4969.0,22.0,,,4964.5,-623.78125
-2,144200,STARFRUIT,4962,23,,,,,4967,4,4969.0,23.0,,,4964.5,-631.21875
-2,144300,STARFRUIT,4962,28,,,,,4967,2,4969.0,28.0,,,4964.5,-633.703125
-2,144400,STARFRUIT,4962,30,,,,,4969,30,,,,,4965.5,-632.4375
-2,144500,STARFRUIT,4962,26,,,,,4969,26,,,,,4965.5,-634.859375
-2,144600,STARFRUIT,4963,24,,,,,4969,1,4970.0,23.0,,,4966.0,-619.609375
-2,144700,STARFRUIT,4963,22,,,,,4969,2,4970.0,20.0,,,4966.0,-616.4765625
-2,144800,STARFRUIT,4963,24,,,,,4970,24,,,,,4966.5,-612.1796875
-2,144900,STARFRUIT,4964,2,4963.0,28.0,,,4970,30,,,,,4967.0,-602.015625
-2,145000,STARFRUIT,4964,25,,,,,4971,25,,,,,4967.5,-597.734375
-2,145100,STARFRUIT,4963,26,,,,,4964,10,4970.0,26.0,,,4963.5,-602.7265625
-2,145200,STARFRUIT,4968,1,4963.0,25.0,,,4969,1,4970.0,24.0,,,4968.5,-615.9140625
